3959 5900
275 435 329 491 162

270 564 432 621 rideantur.
441 560 525 631 Quod
536 560 667 637 sequitur
675 561 877 635 fragmentum,
888 557 1040 616 manifesto

269 650 416 727 spurium,
431 649 516 727 quale
527 649 558 706 in
577 647 642 706 cod.
657 647 751 707 Paris.
768 648 843 704 ι3ιο
864 645 967 723 (chart.
982 663 1040 703 sec.

272 738 317 811 ιδ)
329 737 435 813 legitur
448 736 602 813 exscripsit
615 734 719 793 Rosius
734 755 742 790 ε

581 899 598 936 ι
620 878 721 956 (τοι).

307 1028 372 1108 Περὶ
386 1028 437 1085 τῶν
453 1024 642 1105 εὑρισκομένων
656 1025 794 1102 μετάλλων
808 1029 835 1086 ἐν
850 1033 884 1109 τῇ
897 1029 969 1102 νήσω
980 1029 1035 1093 Ki-

266 1139 334 1194 πρῳ.
377 1113 474 1174 ’lorice
488 1111 527 1171 ὅτι
543 1114 570 1171 έν
589 1120 645 1179 ταῖς
660 1113 759 1191 βίόλοις
776 1117 829 1174 τῶν
844 1117 903 1195 περὶ
919 1118 1038 1190 Γαληνὺν

267 1203 328 1281 περὶ
348 1203 441 1277 εἰδῶν,
456 1201 502 1260 καὶ
516 1200 755 1278 Ἀριστοτέλους
769 1205 958 1282 φυσιολογικῶν
978 1204 1040 1286 περὶ

267 1292 356 1359 οὐσίας
370 1294 418 1369 γῆς
430 1289 476 1349 καὶ
486 1288 564 1348 λίθων
576 1287 621 1348 καλ
632 1290 770 1366 μετάλλων
781 1290 904 1370 εὑρέσιις,
914 1293 1004 1373 εὑρέθη
1015 1299 1041 1351 ἐν

266 1385 299 1459 τῇ
315 1379 415 1461 Κύπρῳ
425 1377 499 1459 νήσῳ
511 1376 551 1437 ότι
562 1378 633 1438 ἔστιν
645 1378 702 1460 ὄρος
716 1379 785 1457 μέγα
802 1384 848 1439 καί
863 1382 961 1462 ὑψηλὸν
977 1381 1042 1463 ὑπὲρ

268 1470 374 1529 πάντων
395 1472 447 1527 τῶν
471 1469 571 1546 βουνῶν
599 1467 693 1541 αὑτῆς,
715 1467 847 1549 Τρόγοδος
869 1468 1041 1546 καλούμενον.

268 1556 362 1617 Πολλὰ
375 1555 420 1614 καὶ
433 1554 545 1635 δύσφορα
560 1555 616 1627 εἴδη
630 1558 748 1635 βοτανῶν
759 1560 805 1628 τῆς
818 1558 937 1637 ἰατρικῆς
949 1556 1043 1635 τέχνης

267 1646 387 1724 χρήσιμα
401 1643 592 1725 εὑρισκόμενα,
605 1643 680 1701 ἅτινα
690 1643 775 1722 λέγειν
788 1646 969 1725 ἐπιχειροῦντα
981 1648 1041 1702 καθ’

267 1733 309 1803 ἔν,
320 1732 448 1812 ἐπιλείψει
463 1755 498 1809 με
512 1730 682 1810 διηγούμενον
696 1734 711 1789 6
724 1732 826 1812 χρόνος.
869 1731 986 1809 Ὁμοίως
997 1732 1043 1791 καὶ

267 1820 329 1900 περὶ
342 1820 478 1897 μετάλλων
495 1822 544 1896 γῆς
561 1818 709 1899 γέγραπται
722 1822 748 1880 ἐν
762 1824 801 1900 τῷ
814 1822 875 1902 περί
888 1820 966 1881 λίθοιν
982 1823 1042 1880 δια-

268 1915 347 1987 ρορᾶς
355 1906 607 1989 Ἀριστοτέλους.
629 1904 695 1968 Ὅτι
706 1910 816 1989 χρυσίου
826 1911 963 1984 μετάλλων
973 1910 1040 1989 ὄρος,

267 1993 465 2069 fideiussori
484 1994 531 2053 καλ
548 1997 706 2073 διακειμένη
726 1998 762 2064 είς
778 1999 883 2059 πόδοσιν
904 2005 949 2057 τοῦ
970 2001 1041 2078 Τρο-

267 2086 352 2160 γόδου·
363 2084 409 2143 καὶ
418 2083 553 2145 ἔπιόλέπει
564 2083 650 2143 iniri
661 2086 811 2165 βορειότεροι
821 2085 887 2165 μέρη
898 2086 1042 2159 τῆςνῆσου.

158 2220 163 2233 .
269 2173 346 2233 Κατὰ
354 2172 486 2231 θάλατταν
496 2171 522 2231 δέ
532 2171 632 2250 γίνεται
643 2171 812 2252 δυτικώτερον
823 2177 912 2246 αὐτῆς.
924 2172 1003 2253 Ἔχει
1013 2176 1041 2235 dl

268 2263 389 2340 διαρορλς
404 2261 541 2338 μετάλλων
553 2259 639 2327 καθὼς
655 2261 815 2338 isopleuro*
828 2262 904 2341 φημί,
918 2265 971 2339 (sic
984 2284 1040 2343 pro

268 2350 347 2429 φημί)
362 2350 473 2428 χρυσίου
485 2348 530 2406 καὶ
541 2347 666 2428 ἀργυρέου
683 2347 729 2406 καλ
747 2351 864 2429 χαλκοῦ,
880 2352 1042 2431 στυπτηρίας

267 2442 378 2514 σχιστῆς
401 2436 446 2494 καί
471 2438 566 2506 λευκῆς
586 2433 632 2494 καὶ
652 2435 774 2506 άληὺινῆς
793 2437 973 2515 στυπτηρίας,
994 2441 1039 2495 καὶ

263 2518 344 2597 σωροῖ
354 2519 411 2592 (sic
422 2539 477 2597 pro
497 2520 578 2599 σῶρυ)
585 2521 615 2579 τὸ
625 2520 765 2601 προζύμιον
775 2523 818 2578 τοῦ
831 2518 983 2597 χρυσαρίου’
992 2520 1037 2577 καί

264 2606 351 2681 μίσσει
361 2607 417 2685 (sic
425 2626 480 2684 pro
490 2607 564 2685 μίσυ)
573 2606 616 2666 καί
632 2611 646 2666 6
656 2606 783 2686 χαλκίτης
793 2605 837 2664 καὶ
851 2605 919 2665 άλλα
926 2606 1038 2687 δίαρορα

264 2692 393 2767 μέταλλα.
406 2691 453 2753 Ἐν
463 2693 557 2773 ἑτέροις
567 2695 594 2752 δὲ
606 2695 676 2772 ὄρεσι
687 2694 750 2773 φασὶ
760 2698 805 2764 τῆς
819 2694 926 2771 Κύπρου
938 2693 1037 2771 γίνεται

263 2787 277 2841 6
292 2784 409 2862 σίδηρος,
425 2786 440 2841 6
454 2781 526 2849 ὑελος
544 2782 588 2842 καί
602 2791 674 2841 πᾶσα
687 2782 737 2855 ὑλη
750 2783 834 2858 τιμία.

307 2874 466 2930 «Summus
479 2870 568 2949 Cypri
579 2891 661 2929 nrons
679 2885 706 2928 et
721 2871 772 2949 qui
787 2871 861 2929 idem
877 2869 961 2928 debet
975 2890 1038 2930 esse

264 2980 328 3017 curn
343 2958 481 3036 Trogodo
495 2961 564 3030 illo,
584 2980 643 3037 quo
661 2963 777 3018 nornine
792 2960 947 3018 recentiori
969 2979 1038 3020 sane

265 3069 340 3105 nunc
354 3067 469 3126 quoque
483 3048 643 3126 appellatur
657 3049 667 3124 (
682 3050 813 3116 ΤΙιιυιΙω,
833 3048 1037 3126 ΤωοιΙαταριιιλ

266 3135 365 3210 Engel,
379 3138 488 3211 Kypros·
506 3135 530 3206 l,
545 3137 580 3203 34
592 3138 619 3213 ),
633 3135 774 3213 Olympus
783 3149 834 3204 est,
851 3155 941 3212 prope
950 3154 1035 3211 quern

264 3225 303 3298 (ἐν
317 3219 416 3299 ποσίν),
430 3236 462 3280 ut
468 3221 619 3281 Strabonis
632 3236 697 3280 utor
706 3221 803 3280 verbis
817 3221 905 3300 (xil,
916 3244 944 3299 p.
954 3224 1036 3298 684),

266 3307 383 3381 μέταλλα
393 3310 493 3386 χαλκοῦ
501 3312 571 3368 ἐστὶν
588 3309 684 3386 άρθονα
704 3308 737 3365 τὰ
751 3311 777 3367 ἐν
789 3311 945 3391 ’λἀμασσῷ,
960 3312 987 3369 ἐν
999 3301 1037 3378 οἷς

264 3396 294 3453 τὸ
307 3393 450 3473 χαλκανθὲς
460 3395 560 3472 γίνεται
569 3397 634 3455 καίδ
644 3397 681 3462 ίὺς
694 3399 738 3452 τοῦ
751 3396 851 3475 χαλκοῦ
864 3396 927 3475 πρὸς
936 3398 982 3464 τὰς
994 3398 1036 3456 is·

263 3483 353 3564 τρικάς
366 3485 487 3562 δυνάμεις
502 3484 621 3562 χρήσιμα
631 3484 678 3562 (cl.
689 3483 788 3561 Steph.
802 3484 898 3561 llys-s.
910 3485 1038 3561 Ταμασός

264 3573 338 3641 πόλις
357 3573 463 3652 Κύπρου
478 3573 598 3651 δίαφορον
612 3575 708 3650 ἔχουσα
725 3571 843 3650 χαλκόν,
855 3574 881 3629 ἐν
897 3572 1034 3655 μεσογείᾳ,

263 3659 514 3738 ΕηρεΙ,Ι(γριοεΙ,
533 3662 609 3737 ι49).
619 3660 746 3719 Galenus
755 3660 805 3738 qni
814 3660 934 3738 juvenis
942 3662 1037 3722 adhuc

263 3762 295 3806 ιιι
303 3746 449 3824 μεταλλικὰ
458 3748 586 3828 φάρμακα
596 3748 642 3827 (de
655 3747 763 3825 quibus
775 3768 805 3807 ιι.
823 3749 955 3807 Dioscor.
969 3752 990 3808 Ι.
999 3750 1034 3809 v,

262 3835 364 3896 Galen.
380 3835 416 3894 de
429 3834 531 3913 Simpl.
547 3834 572 3907 l,
587 3856 618 3911 9,
634 3835 749 3894 Oribas.
762 3836 785 3908 l,
804 3836 857 3914 15)
881 3836 939 3896 sibi
954 3858 1036 3896 corn·

264 3937 379 4000 poruret
398 3925 502 3983 itinere
526 3925 599 3982 lecto
619 3924 649 3982 in
674 3924 802 4002 Cyprum
828 3925 950 3983 insulam
968 3946 1036 4004 pro·

263 4010 352 4069 lectus
365 4025 408 4071 cst
421 4011 498 4091 apud
508 4012 693 4086 medicoslcl.
710 4013 809 4090 Engel,
821 4017 930 4089 Kypros
945 4013 985 4085 ΙΙ,
999 4024 1033 4083 4ι

263 4100 340 4175 sqq.)
359 4101 508 4172 famosam,
519 4100 549 4157 τὸ
561 4100 689 4176 μέταλλον
700 4102 831 4161 visitavit
843 4120 937 4180 prope
948 4101 1035 4162 Solos

261 4185 313 4263 (ab
327 4207 362 4246 eo
378 4188 467 4264 igitur
479 4188 515 4247 de
529 4208 588 4265 quo
600 4189 697 4264 agitur
707 4190 868 4261 diversum,
883 4190 950 4248 licet
961 4192 1036 4269 ejus·

264 4272 329 4330 deor
351 4276 492 4334 montium
516 4274 583 4353 jugi
600 4277 721 4354 suerit),
747 4278 783 4335 de
797 4298 856 4354 quo
878 4296 954 4353 saepe
977 4297 1036 4337 rne-

265 4374 358 4419 morat
372 4364 404 4421 in
415 4369 503 4441 opere
516 4362 552 4421 de
563 4364 693 4443 simplic.
714 4365 866 4426 Medicam.
885 4366 935 4424 lac.
953 4365 1034 4442 (llll,

263 4456 332 4518 οι4,
349 4468 406 4525 2¹9
420 4469 465 4527 sq.
485 4452 554 4522 226,
571 4452 640 4522 ο34,
660 4452 717 4508 ο38
742 4471 805 4530 sqq.
835 4453 872 4512 cl.
892 4453 966 4524 xlv,
983 4455 1034 4531 7),

263 4535 385 4614 aliisque
410 4536 531 4596 fortasse
553 4537 727 4616 deperditis,
754 4539 832 4598 unde
863 4540 923 4599 haec
946 4542 1033 4599 ducta

263 4625 331 4694 ¹sint.
347 4648 360 4675 ν
373 4628 482 4685 Rosius.

471 4784 535 4847 llll.
550 4788 640 4848 ΠΕΡΙ
661 4787 804 4851 ΦΥῚὩΝ.

305 4939 347 4999 De
365 4939 412 5000 his
425 4960 489 5018 quse
504 4940 541 4999 ed
560 4943 672 5021 plantas
693 4945 839 5022 pertinent
854 4961 884 5000 se
902 4952 1038 4999 tractatu·

266 5047 342 5100 rum,
360 5048 418 5086 non
432 5047 491 5086 uno
504 5028 569 5087 loco
580 5030 729 5107 pollicitus
749 5043 791 5089 cst
807 5026 982 5086 Aristotelen
995 5027 1039 5085 lts

267 5117 343 5175 eninr
351 5114 559 5195 physiologiam
572 5117 733 5195 plantarum
750 5116 787 5175 ab
798 5114 965 5174 animalium
978 5135 1038 5173 non

267 5218 392 5282 separet,
404 5205 489 5264 initio
504 5205 536 5262 in
551 5203 622 5263 libri
638 5206 728 5282 primi
747 5203 1037 5279 Meteorologicorum

813 425 1055 487 ARISTOTELIS
1076 424 1325 487 Fusflussnn.

1093 577 1127 635 p.
1143 557 1212 629 552,
1225 576 1260 614 αι
1276 552 1443 619 ιΔιελθόντες
1454 550 1482 611 ὑλ
1495 552 1680 631 περὶτούτων,
1691 549 1872 629 θεωρήσωμεν

1090 644 1114 704 εί
1133 665 1156 701 τι
1164 640 1296 718 δυνάμεθα
1305 637 1374 698 κατὰ
1384 637 1428 698 τὀν
1439 634 1604 717 ὑφηγημένον
1618 633 1715 711 τρόπον
1726 636 1874 695 άποδοῦυαι

1093 728 1154 806 πιρί
1179 726 1252 808 ζῴων
1275 725 1320 786 καὶ
1341 726 1460 805 φυτῶν.
1485 722 1577 798 Magis
1596 723 1684 780 etiarn
1710 723 1871 800 explicite,

1093 835 1183 893 quum
1200 815 1232 874 in
1246 814 1324 873 libro
1339 813 1375 871 de
1388 809 1585 887 longitudine
1597 822 1627 867 et
1638 809 1787 867 Brevitate
1804 812 1873 867 ιλιι

1092 923 1117 963 c.
1131 906 1163 979 6,
1172 904 1209 962 de
1219 901 1355 981 stirpium
1366 901 1427 959 vita
1442 898 1640 969 disseruisset,
1658 896 1741 955 addit
1753 917 1783 974 p.
1799 899 1871 971 531,

1093 992 1129 1049 13
1150 1014 1158 1049 ι
1180 986 1329 1068 'Amant
1347 986 1395 1064 μέν
1409 984 1500 1045 τούτου
1515 984 1559 1044 κοιλ
1582 984 1641 1043 καθ’
1663 983 1733 1045 atel
1752 987 1786 1042 iv
1802 991 1872 1052 τοῖς

1090 1078 1170 1158 περὶ
1183 1079 1292 1158 φυτῶν
1310 1072 1511 1154 διορισθήαεται·
1526 1077 1570 1132 νῦν
1584 1094 1612 1130 τε
1628 1071 1688 1150 πιρλ
1710 1076 1765 1130 τῶν
1781 1072 1871 1131 ἄλλων

1090 1163 1162 1244 ζῴων
1183 1163 1283 1241 εἴρηται
1305 1162 1336 1221 τὸ
1356 1162 1439 1221 αἴτιον
1463 1161 1573 1239 περίτι
1594 1158 1718 1237 μεγέθους
1739 1162 1809 1231 ζωῆς
1823 1162 1870 1217 καὶ

1090 1249 1312 1330 βραχοόιότητος,
1329 1248 1437 1328 quibus
1446 1248 1555 1308 similia
1568 1261 1649 1319 sunt,
1661 1266 1728 1324 quse
1741 1248 1773 1305 in
1791 1246 1870 1305 libro

1089 1340 1126 1399 de
1145 1339 1302 1398 iuventute
1319 1351 1349 1396 et
1362 1337 1513 1395 Senectute
1533 1357 1559 1397 c.
1577 1357 1607 1407 ο,
1622 1355 1652 1413 p.
1671 1335 1744 1407 533,
1767 1336 1805 1392 25
1826 1336 1869 1393 le·

1089 1439 1196 1502 guntur·
1211 1448 1218 1482 :
1232 1424 1276 1486 Δι’
1286 1427 1318 1497 ἣν
1331 1423 1355 1483 δ’
1369 1424 1458 1484 αἰτίαν
1469 1422 1503 1482 τὰ
1518 1421 1566 1500 μίν
1579 1424 1609 1480 ού
1623 1421 1732 1481 δύναται
1755 1422 1868 1500 διαιρού-

1089 1537 1155 1591 μενα
1167 1517 1228 1586 ζῆν,
1242 1513 1275 1571 τὰ
1288 1512 1316 1571 δέ
1330 1509 1520 1592 ἀποροτεύιται
1534 1513 1598 1569 τῶν
1609 1512 1741 1589 φυτῶν,
1752 1512 1807 1568 ier
1818 1532 1868 1590 ρος

1090 1602 1182 1673 ἔσται
1194 1602 1303 1681 λόγος.
1314 1602 1387 1661 Cum
1400 1602 1446 1661 lris
1455 1601 1529 1659 locis
1539 1600 1649 1678 optime
1662 1596 1807 1675 conjungi
1816 1620 1867 1676 po-

1089 1692 1173 1763 terit,
1187 1691 1238 1768 qui
1250 1704 1293 1749 est
1305 1691 1336 1749 in
1352 1689 1429 1749 libro
1438 1690 1474 1750 de
1483 1688 1577 1748 Sensu
1590 1709 1615 1745 c.
1631 1693 1661 1758 4,
1674 1705 1704 1763 p.
1721 1686 1795 1760 484,
1808 1687 1865 1744 τ8ε

1090 1782 1142 1838 Καὶ
1158 1779 1217 1857 περὶ
1232 1778 1279 1856 μίν
1291 1783 1335 1836 τοὺ
1350 1786 1458 1855 process
1471 1777 1516 1837 καί
1530 1780 1616 1855 χυμοῒν
1628 1772 1750 1853 εἴρηται·
1769 1773 1804 1831 τά
1815 1774 1867 1851 γὺρ

1089 1867 1157 1925 ἄλλα
1170 1867 1240 1938 πάδη
1255 1868 1306 1923 τῶν
1321 1869 1413 1944 χυμῶν
1427 1865 1523 1924 οίκιίαν
1542 1863 1597 1941 ἔχει
1611 1860 1659 1934 τὴν
1674 1859 1768 1937 σκέψιν
1783 1863 1815 1919 έν
1827 1867 1866 1941 τῇ

1090 1953 1286 2034 φυσιολογίᾳ
1300 1958 1337 2030 τῇ
1351 1953 1425 2032 περὶ
1437 1949 1866 2035 φυτῶν.ΔιέιυΙαιιισοιῐιιιιοιι·

1091 2041 1226 2098 tutionem
1251 2041 1287 2099 de
1318 2041 1482 2117 plantarum
1506 2052 1609 2097 natura
1632 2036 1685 2094 rin
1714 2035 1867 2094 reserenda

1089 2141 1175 2184 erunt
1191 2126 1278 2185 verbo
1292 2128 1441 2188 llleteorol.
1457 2127 1502 2198 ll,
1519 2127 1548 2197 3,
1573 2147 1603 2203 p.
1624 2124 1701 2194 583,
1718 2144 1737 2199 9
1755 2145 1764 2182 ε
1789 2124 1866 2181 Alii

1090 2214 1211 2294 διαφοραὶ
1234 2215 1332 2272 τούτοιν
1355 2214 1421 2292 (τῶν
1445 2216 1538 2293 χυμῶν
1563 2211 1646 2285 scil.)
1668 2211 1865 2280 έκεῖθινδῆλαι·

1090 2311 1159 2363 ποῖοι
1182 2303 1209 2361 δέ
1223 2304 1303 2382 χυμοὶ
1326 2305 1355 2361 ἐκ
1376 2304 1457 2361 ποίοιν
1473 2302 1587 2380 γίνονται
1606 2297 1742 2378 κράσεων,
1764 2297 1866 2377 ιίρηται

1089 2392 1149 2472 περὶ
1164 2394 1249 2451 αὐτῶν
1263 2391 1343 2470 χωρίς
1359 2393 1385 2448 ἐν
1398 2392 1497 2458 ἄλλοις.
1665 2457 1668 2461 .

1134 2479 1177 2538 nb
1198 2480 1244 2540 his
1266 2491 1359 2538 autern
1385 2479 1526 2537 ‹lillerunt
1548 2474 1715 2533 testimonia
1737 2493 1803 2551 quer
1831 2474 1867 2531 de

1091 2568 1190 2627 eudem
1213 2569 1287 2627 rein
1313 2565 1471 2642 zoologicis
1496 2563 1614 2641 scriptis
1632 2559 1799 2619 Aristotelis
1814 2580 1864 2617 oc·

1090 2668 1222 2714 currunt.
1237 2653 1282 2712 lbi
1297 2654 1374 2712 eninr
1390 2654 1425 2710 de
1447 2651 1533 2710 libris
1546 2650 1582 2708 ad
1598 2649 1712 2727 plantus
1731 2659 1864 2724 spectan

1092 2741 1169 2800 tibus
1183 2746 1281 2821 potius
1306 2742 1348 2800 sic
1371 2741 1485 2798 locutus
1502 2757 1565 2798 esse
1584 2737 1703 2795 videtur
1728 2733 1863 2812 pbiloso·

1089 2827 1164 2905 plrus
1177 2829 1260 2904 qussi
1276 2827 1337 2904 jorn
1364 2827 1513 2886 absolutis.
1532 2825 1574 2884 ltu
1596 2824 1634 2885 Η.
1657 2827 1714 2883 λιι.
1729 2820 1766 2894 ll,
1791 2843 1817 2882 c.
1837 2844 1863 2893 ι,

1091 2934 1120 2992 p.
1139 2915 1188 2987 76,
1205 2919 1242 2992 39
1258 2933 1266 2973 ι
1291 2914 1385 2974 Κοινὺν
1403 2912 1450 2988 μὲν
1471 2904 1516 2972 οὑν
1529 2909 1683 2989 συμόέύηκε
1697 2908 1744 2968 καί
1757 2908 1865 2968 ἐπὶτῶν

1090 3001 1178 3083 ζῴων,
1193 3000 1284 3080 ὥσπερ
1307 3001 1353 3060 καὶ
1376 3002 1420 3060 ε’πλ
1442 3005 1495 3059 τῶν
1516 2998 1660 3080 φυτῶν·τὺ
1683 2997 1732 3074 μέν
1745 2996 1797 3077 γάρ
1811 2996 1864 3054 ἀπὸ

1090 3091 1239 3171 σπέρματος
1252 3088 1346 3165 ἐτέρων
1359 3093 1444 3170 φυτῶν
1460 3089 1494 3147 τὰ
1510 3091 1533 3147 δ’
1547 3087 1685 3163 αὑτόματα
1696 3085 1807 3164 γίνεται,
1817 3106 1864 3142 σο·

1090 3177 1188 3246 στάσης
1204 3177 1272 3243 τιν’σς
1282 3176 1405 3247 τοιαύτης
1423 3180 1523 3257 ἀρχῆς,
1543 3175 1702 3236 καὶτούτων
1724 3171 1758 3231 τά
1772 3172 1819 3250 μέν
1835 3175 1865 3230 lx

1089 3268 1135 3334 τῆς
1149 3267 1196 3341 γῆς
1214 3263 1345 3340 λαμόάνει
1355 3264 1405 3335 τὴν
1422 3264 1536 3344 τροφήν,
1554 3262 1588 3322 τά
1602 3263 1625 3321 δ’
1640 3265 1666 3323 ἐν
1680 3258 1780 3341 έτέροιι
1793 3263 1862 3336 ini·

1089 3375 1162 3410 νεται
1176 3356 1281 3432 φυτοῖς,
1306 3351 1396 3432 ῶσπερ
1420 3351 1551 3433 είρηται
1573 3354 1660 3431 έντῇ
1680 3349 1800 3430 θεωρία
1824 3351 1864 3426 τῇ

1089 3439 1164 3519 πιρὶ
1178 3442 1240 3499 τῶν
1256 3443 1372 3500 Φυτῶν
1392 3439 1462 3519 (ubi
1478 3440 1552 3499 nihil
1575 3452 1666 3500 mutat
1677 3437 1762 3496 varia
1781 3436 1863 3495 eodi-

1090 3548 1155 3586 cum
1177 3528 1360 3605 quorundam
1374 3528 1473 3600 lectio,
1486 3528 1538 3606 qui
1561 3548 1616 3607 pro
1635 3527 1743 3608 φυτῶν,
1764 3526 1862 3584 τούτων

1089 3615 1220 3697 hubent),
1234 3616 1271 3676 de
1284 3616 1391 3679 Gener.
1400 3616 1498 3675 naim.
1511 3615 1536 3688 l,
1545 3637 1571 3675 c.
1588 3637 1613 3688 1,
1622 3635 1652 3693 p.
1671 3615 1740 3686 320,
1753 3633 1803 3685 αα,
1814 3612 1863 3671 ubi

1090 3704 1127 3764 de
1139 3705 1238 3763 eedem
1251 3705 1412 3783 questione
1423 3704 1585 3763 accuratius
1598 3703 1753 3762 disseritru
1764 3723 1771 3758 :
1784 3701 1863 3761 Ἔστι

1091 3790 1118 3850 δὲ
1132 3792 1178 3851 καλ
1191 3793 1235 3851 sul
1257 3794 1309 3850 τῶν
1323 3796 1409 3873 φυτῶν
1424 3790 1469 3851 τὸν
1491 3789 1569 3850 αὑτὸν
1582 3790 1688 3868 τρόπον·
1703 3789 1738 3847 ris
1751 3788 1798 3864 pls
1811 3788 1862 3867 γάρ

1091 3881 1121 3938 ἐκ
1135 3880 1284 3960 σπίρματος
1302 3878 1463 3959 γίνιται,τδι
1483 3879 1507 3937 δ’
1526 3876 1616 3955 ὥσπερ
1637 3875 1862 3953 αὐτοματιζούσης
1915 3938 1919 3945 ,

1090 3970 1136 4038 vl<
1150 3969 1258 4050 φύσεως·
1273 3969 1374 4046 γίνεται
1385 3966 1435 4047 γὰρ
1449 3967 1467 4037 l
1482 3963 1798 4043 περιποιέωσι
1814 3986 1861 4040 με·
1958 3987 1959 4002 ’

1093 4055 1154 4133 ρίεον
1170 4058 1284 4136 τινῶγὶν
1298 4064 1351 4123 τοῖς
1364 4063 1462 4136 φυτοῖς·
1479 4054 1533 4112 ἔνια
1547 4056 1598 4132 γὰρ
1608 4051 1676 4110 αὐτὰ
1686 4051 1734 4129 μίν
1749 4053 1779 4112 οὑ
1789 4049 1861 4109 συνί-
1958 4071 1959 4078 ’

1091 4165 1185 4203 σταται
1199 4146 1260 4204 καθ’
1273 4144 1339 4202 αὑτά
1353 4141 1450 4223 χωρίς,
1469 4146 1496 4203 έν
1512 4141 1609 4223 έτέρσις
1620 4140 1645 4198 δ’
1657 4139 1787 4218 ἐγγίνεται
1806 4138 1862 4196 δέν·

1090 4231 1193 4309 δρισιν,
1209 4222 1262 4290 οἷον
1282 4231 1370 4300 title.
1391 4232 1476 4309 llrpl
1490 4228 1552 4306 pls
1572 4220 1628 4289 σύν
1652 4230 1765 4310 φυτῶν
1779 4224 1862 4286 αὐτὰ

1089 4323 1164 4380 καθ’
1176 4321 1256 4380 αὑτὰ
1270 4320 1500 4394 ἐπισκεπτέον,
1520 4318 1563 4379 ib.
1575 4341 1600 4377 c.
1613 4321 1662 4390 23,
1678 4338 1708 4396 p.
1724 4318 1793 4389 343,
1807 4325 1860 4384 ll:

1090 4410 1137 4470 Διό
1146 4412 1173 4468 έν
1181 4415 1234 4479 τοῖς
1241 4411 1327 4492 φυτοῖς
1333 4409 1480 4489 ἀχώριστον
1490 4407 1520 4466 τὸ
1530 4408 1594 4478 θῆλυ
1603 4407 1648 4465 καλ
1658 4407 1689 4466 τύ
1700 4407 1786 4486 ἄρρεν·
1795 4403 1862 4462 dili

1091 4500 1164 4578 περί
1179 4499 1234 4577 μέν
1249 4502 1353 4573 φυτῶν
1367 4503 1398 4558 ἐν
1415 4498 1542 4578 ἑτέροις
1561 4495 1781 4566 ἐπέσκεπται,
1794 4511 1861 4572 pos·

1092 4600 1184 4647 ιιειιιο
1198 4589 1235 4647 de
1249 4588 1385 4647 Partibus
1396 4588 1491 4646 Anim.
1505 4584 1546 4659 ll,
1562 4605 1608 4659 10,
1623 4603 1652 4663 ρ.
1672 4584 1742 4654 ο43,
1759 4591 1794 4643 nl
1808 4578 1860 4638 z‘ll

1094 4674 1141 4752 μέν
1165 4666 1210 4733 σύν
1222 4679 1274 4733 τῶν
1284 4679 1370 4755 φυτῶν
1382 4674 1456 4755 φύσις
1467 4665 1532 4733 ellos
1543 4672 1667 4750 μόνιμος,
1681 4672 1711 4730 ού
1726 4668 1863 4736 colueris<

1093 4765 1208 4821 έστιτῶν
1216 4766 1418 4842 ἀνομοιομερῶν·
1427 4761 1491 4842 πρὸς
1500 4760 1552 4841 γδρ
1559 4760 1648 4838 ὀλίγας
1655 4758 1760 4841 πράξεις
1770 4756 1861 4834 ὀλίγων

1092 4849 1208 4930 ὀργάνων
1230 4854 1248 4920 ἡ
1270 4855 1373 4929 χρῆσις·
1397 4850 1449 4909 διὸ
1467 4847 1655 4929 θεωρητέον
1683 4848 1758 4906 καθ’
1781 4839 1860 4903 αὑτά

1093 4936 1240 5018 περὶτῆς
1255 4936 1357 5004 ἰδίας
1371 4939 1495 4996 αὐτῶν.

1133 5027 1219 5085 Hisce
1234 5026 1325 5101 igitur
1337 5024 1474 5084 omnibus
1488 5025 1561 5084 locis
1581 5024 1731 5102 inspectis,
1751 5017 1858 5078 nemini

1090 5115 1150 5192 jarn
1159 5113 1472 5190 dubiurnessepoterit,
1482 5113 1539 5171 nisi
1547 5113 1614 5189 quis
1623 5110 1777 5169 obscurato
1782 5105 1860 5183 judi-

1094 5206 1140 5262 cio
1156 5222 1216 5262 reru
1228 5200 1423 5278 aggredietur,
1436 5201 1508 5277 quin
1519 5199 1686 5259 Aristoteles
1700 5217 1757 5256 non
1769 5194 1860 5254 soloin
