3959 5900
342 495 382 554 {0
881 494 1129 559 ARISTOTELIS
1148 498 1400 562 mmm.

360 635 397 696 10
417 630 460 682 De
470 629 641 683 Animalium
655 641 729 685 motu
744 637 1058 704 corumqueunuom'a,
1075 634 1116 687 b‘-
1188 633 1227 691 65
1248 636 1455 711 Prolegomena
1468 641 1498 690 in
1515 638 1709 711 problemata,
1723 639 1790 694 libri
1801 643 1846 697 11
1857 639 1934 719 (dett
1969 560 1972 743 )

459 717 587 776 101711.
720 767 724 775 ,

419 807 462 859 De
476 807 649 861 Animuliurn
661 817 779 873 muru,
796 806 861 861 uuo·
870 808 906 861 X
905 807 941 865 7.

417 893 461 945 sse
473 892 603 948 Partibus
622 894 773 961 vitalibus,
790 895 857 948 libri
869 894 923 950 IV.

420 981 465 1034 De
479 982 666 1038 Generatione
678 983 861 1049 animalium,
878 982 940 1036 libri
951 983 990 1041 7.

418 1067 461 1122 De
474 1070 649 1124 Animalt'um
662 1081 737 1124 motu
753 1069 853 1138 locali,
868 1075 923 1124 sive
941 1073 1064 1142 incessu,
1081 1073 1114 1126 li·

335 1246 340 1256 '
359 1242 396 1311 15
418 1244 654 1319 Delongitudine
665 1256 692 1299 et
701 1246 835 1300 brevitate
847 1250 916 1300 vitoe
929 1246 1110 1315 animalium,

460 1332 529 1386 liber
542 1334 569 1389 Ι.

417 1420 460 1471 De
469 1419 534 1473 Vita
545 1430 572 1473 et
581 1420 692 1486 Morte,
705 1420 775 1474 liber
784 1423 813 1477 1.

418 1508 461 1559 De
474 1507 602 1575 Plantis,
617 1507 682 1562 libri
693 1509 737 1565 Il.
924 1547 926 1551 .

419 1594 691 1669 Metapbysicorum,
706 1596 770 1650 libri
778 1595 872 1651 XIII.

420 1683 463 1737 De
476 1684 604 1738 Materia
612 1687 793 1757 quastiones,
812 1683 882 1737 liber
893 1686 921 1738 1.

358 1770 396 1827 50
418 1773 590 1842 (incestiones
597 1771 741 1846 physica,
756 1771 890 1827 1110117.

414 1861 580 1926 iiivisioues,
596 1859 662 1914 libri
673 1859 738 1914 XX
740 1859 793 1920 71.
811 1856 1022 1933 Argumentum
1040 1859 1112 1920 libri

454 1944 668 2005 iniudicatum
685 1949 799 2003 Iractat
814 1952 844 2002 in
856 1948 909 2003 Itoc
918 1949 987 2004 libro
997 1951 1112 2006 detem-

439 2040 549 2111 ·poris,
570 2040 660 2092 animi
682 2047 766 2108 atque
784 2037 968 2110 cupiditatum
999 2040 1110 2094 diuisio-

454 2123 552 2193 nibus,
565 2124 602 2179 de
617 2134 719 2198 agente
724 2161 735 2189 ,
747 2127 879 2196 patiente
891 2135 920 2178 et
932 2128 1059 2203 actione,
1074 2128 1111 2182 de

454 2227 564 2277 amore,
580 2212 617 2265 de
630 2211 694 2265 boni
707 2210 866 2285 generibus,
882 2213 1023 2285 inquibus
1033 2216 1108 2282 alia,

454 2316 518 2370 quoe
539 2299 681 2352 intellectu
689 2301 900 2372 percipiuntur,
922 2300 985 2353 alia
998 2320 1062 2374 quoe
1082 2306 1111 2357 in

454 2388 565 2454 animo,
583 2386 644 2439 alia
657 2404 721 2458 quoe
733 2397 816 2439 extra
827 2389 953 2440 animum
966 2399 1030 2441 sunt
1042 2406 1053 2441 .·
1063 2390 1112 2443 de·

454 2477 535 2546 nique
542 2474 579 2527 de
590 2473 714 2528 bonitate
726 2484 810 2546 atque
819 2475 944 2539 malitia,
960 2491 1066 2530 necnon
1075 2478 1112 2531 de

454 2564 541 2615 uariis
553 2562 706 2636 disciplinis
716 2561 887 2635 artibusque.

413 2648 542 2702 Platonis
550 2649 766 2720 jusjurandum,
784 2649 848 2704 libri
857 2650 903 2704 17
914 2650 970 2722 (De
981 2649 1111 2705 Platonis

453 2747 632 2804 testamenta,
653 2738 718 2793 libri
735 2738 789 2794 VI.
807 2732 901 2812 (Itu).

415 2824 458 2879 De
470 2825 609 2879 Diuisione
624 2826 829 2890 conditionum,
850 2842 914 2897 quoe
935 2828 1110 2897 requiruntur

450 2914 487 2968 de
500 2913 627 2981 dicendo,
645 2913 711 2967 libri
722 2912 778 2966 III
790 2909 993 2986 (Deditisione
1004 2921 1032 2966 et
1044 2930 1108 2967 con·

451 3002 602 3057 ditionibus
613 3005 644 3055 in
650 3000 779 3065 dicendo,
793 3000 857 3054 libri
870 3001 935 3058 III.
948 2996 1036 3069 Cau).

413 3091 455 3145 De
473 3089 704 3156 Contradictione,
722 3089 768 3144 ubi
783 3090 897 3143 docetur
914 3089 1109 3146 antecedentia

455 3179 680 3232 contradictionis
699 3193 737 3230 es
756 3180 818 3251 uua
840 3177 1031 3251 dispunctione
1050 3194 1110 3230 esse

450 3266 585 3339 puendo,
594 3264 807 3319 tianXXtI
815 3262 869 3338 (De
877 3263 1105 3330 contradictoriis,

451 3355 582 3409 ubidoect
591 3354 787 3408 contradictori
794 3354 988 3408 antecedentia
998 3356 1109 3426 eci’pso

450 3442 601 3496 adversarii
608 3452 772 3515 argumento
786 3458 847 3495 esse
852 3441 997 3516 petenda,
1011 3444 1067 3494 site
1079 3444 1108 3494 in

1288 741 1338 801 up.
1352 722 1473 802 eain).

1248 814 1422 884 Quoestiones
1454 813 1637 885 orbiculum,
1673 820 1702 869 in
1734 832 1934 894 μνη-αρνιμ

1286 921 1376 962 usum.

1247 992 1411 1065 Praecpta,
1425 993 1490 1046 libri
1503 992 1547 1046 17
1562 990 1620 1070 (De
1641 1003 1800 1053 testamenti
1817 1004 1933 1076 petigb·

1288 1090 1367 1132 mata
1383 1076 1468 1154 (sic).
1485 1075 1581 1155 Cau).

1247 1163 1430 1233 Memoriale,
1452 1167 1515 1221 libri
1528 1169 1558 1226 Ι.

1249 1253 1422 1323 Quoestiones
1432 1256 1562 1322 medicae,
1580 1257 1645 1312 libri
1660 1260 1697 1317 7.

1189 1360 1227 1413 7⁰
1247 1342 1292 1396 De
1302 1344 1501 1399 Alimentorum
1516 1348 1658 1419 regimine,
1675 1345 1744 1403 liber
1751 1352 1780 1405 1.

1248 1431 1292 1485 De
1305 1432 1499 1506 Agricultura,
1516 1432 1580 1486 libri
1590 1434 1661 1491 XV.

1250 1519 1294 1573 De
1308 1520 1491 1587 Rumoribus,
1509 1520 1580 1576 liber
1594 1524 1623 1581 1.

1247 1607 1291 1662 De
1304 1607 1447 1675 sucitate,
1468 1609 1538 1664 tiber
1550 1613 1580 1668 I.

1246 1695 1290 1750 De
1301 1697 1500 1753 decidentibus
1510 1699 1719 1765 universalibus,
1733 1701 1806 1755 liber
1813 1704 1844 1761 I.

1110 1793 1119 1812 ·
1189 1780 1226 1853 75
1247 1784 1291 1839 De
1304 1784 1453 1851 ldeteoris,
1469 1785 1538 1840 libri
1550 1788 1615 1842 ΙΙΙ.

1249 1871 1295 1931 Dt
1309 1873 1493 1929 Generatione
1502 1875 1681 1941 animalium,
1699 1875 1763 1931 libri
1773 1880 1840 1938 111.

1244 1960 1288 2015 De
1297 1962 1449 2017 Verborum
1456 1963 1667 2037 significatione,
1682 1964 1861 2040 nutritoe
1874 1970 1934 2025 rro

1279 2053 1449 2121 puritionum
1458 2068 1551 2118 sensu,
1566 2051 1629 2106 libri
1641 2054 1686 2107 II.
1696 2049 1792 2129 θαι).

1244 2137 1287 2190 De
1299 2137 1549 2211 Propositionibus,
1561 2140 1626 2194 libri
1635 2141 1787 2197 XXXIII
1798 2139 1858 2219 (De
1874 2145 1933 2200 Ibo

1282 2225 1371 2292 sibus,
1395 2226 1461 2283 libri
1478 2227 1613 2295 XXIII,
1638 2232 1704 2282 item
1723 2229 1792 2284 liber
1808 2232 1887 2287 alter
1906 2236 1934 2288 dt

1283 2313 1379 2367 eodem
1393 2326 1569 2387 argumento.
1596 2311 1691 2389 Cau).

1250 2399 1293 2453 De
1308 2403 1446 2456 ciuitatum
1466 2406 1618 2477 regimine,
1639 2402 1711 2459 liber
1730 2407 1759 2471 I,
1779 2410 1810 2460 in
1832 2427 1890 2480 quo
1905 2411 1933 2463 de

1284 2490 1466 2561 complurium
1493 2492 1659 2564 populorum
1683 2503 1770 2565 atque
1796 2500 1931 2551 civitaten

1283 2582 1421 2651 regimine
1462 2591 1608 2647 tractatur,
1650 2599 1767 2654 quarum
1809 2602 1932 2640 numerus

1286 2663 1427 2724 CLXXI.

1186 2750 1224 2807 80
1246 2753 1465 2822 commentarii,
1492 2760 1541 2829 qui
1553 2752 1736 2812 inscribuntur
1743 2757 1932 2835 ὑπομνήματι,

1283 2844 1347 2898 libri
1357 2843 1447 2903 XVI.
1598 2894 1602 2901 ,

1241 2930 1284 2984 De
1300 2927 1578 3001 Contradictionibus,
1595 2932 1693 2988 liberl
1708 2928 1761 3010 (De
1774 2941 1928 3000 contrariis,

1281 3019 1314 3074 ut
1321 3030 1372 3086 est,
1388 3024 1511 3074 rationes
1522 3019 1767 3096 epichirematicae.
1784 3019 1852 3084 Cas.
1864 3023 1883 3102 ).

1240 3106 1396 3179 Epitaphia
1416 3106 1530 3162 heroum
1550 3126 1614 3180 quoe
1637 3109 1721 3182 Pepli
1740 3116 1854 3166 nomine
1874 3132 1931 3167 cen·

1279 3204 1380 3256 sentur.
1401 3195 1466 3250 libri
1481 3196 1536 3252 71.

1242 3282 1285 3336 De
1302 3283 1457 3355 Tempore.
1473 3282 1544 3338 liber
1555 3285 1585 3341 I.

1244 3370 1398 3425 Aristotelis
1421 3371 1572 3443 Epistola,
1598 3389 1668 3445 quas
1695 3375 1725 3426 in
1746 3372 1831 3428 VIII
1854 3375 1931 3429 libror

1280 3459 1394 3512 contulit
1404 3461 1515 3515 Arctas.

451 3534 539 3604 ’73771
554 3529 753 3601 ’7171767171
774 3528 997 3585 ῙῙΜΧΧΧῙΧ·
1012 3523 1106 3602 cas..)
1182 3543 1219 3600 85
1240 3546 1283 3600 De
1300 3547 1417 3604 Urbium
1430 3546 1565 3612 moribus,
1582 3546 1646 3601 libri
1659 3549 1706 3604 ΙΙ.
1970 3621 1971 3632 ¹

1240 3634 1377 3706 Epistola
1396 3635 1476 3700 absc,
1493 3652 1563 3707 quas
1582 3633 1648 3688 XX
1662 3633 1738 3687 libris
1759 3636 1930 3691 Andronicus
1970 3645 1971 3652 ¹

355 3615 391 3673 55
415 3617 532 3688 Objeeta
553 3620 694 3671 amatoria
714 3620 771 3671 sire
786 3618 824 3672 de
845 3617 925 3671 rebus
944 3620 1104 3682 amatoriis,

412 3705 665 3867 otiicetblpuysua
674 3832 685 3859 ,
708 3809 773 3865 quoe
790 3766 920 3846 dicuntur
938 3793 1021 3854 θᾰσιις
1037 3809 1106 3864 μου·

449 3877 533 3951 etuti,
549 3882 620 3937 liber
633 3884 651 3936 I
664 3878 673 3956 (
684 3883 857 3955 Argumenta
864 3879 986 3953 physIca
995 3880 1032 3933 de
1044 3896 1106 3932 mu·

447 3973 508 4024 sica
521 3968 611 4025 tlteses
621 3970 715 4035 dicta,
730 3968 801 4023 liber
809 3970 838 4025 Ι.
853 3963 945 4042 cun.

409 4055 452 4108 De
466 4055 552 4120 lacis,
574 4056 648 4109 unde
659 4054 961 4130 argumentapetentla
972 4063 1047 4121 sunt,
1071 4054 1105 4106 li-

409 4142 613 4302 mbedtiones,
621 4230 684 4286 libri
696 4231 784 4291 XVI.

410 4319 452 4371 De
476 4318 567 4372 liebus
579 4320 620 4372 ad
630 4319 822 4392 definitionem
831 4318 1051 4393 pertinentibus,
1069 4317 1105 4369 ii-

449 4405 493 4460 bri
502 4406 553 4460 17
570 4402 628 4480 (De
646 4408 727 4462 rebus
743 4408 943 4474 divisibib'bus,
963 4407 1030 4462 libri
1047 4407 1104 4464 17.

350 4578 388 4636 60
410 4489 593 4656 ὒψιοῒιξω
609 4587 728 4657 topicae,
749 4583 818 4638 liber
831 4586 853 4639 I
866 4582 1047 4658 (Topicorum
1065 4584 1107 4636 ud

448 4669 635 4744 definitiones,
658 4671 727 4726 liber
740 4674 760 4725 I
760 4711 769 4729 .
784 4669 850 4728 (Ius.
860 4669 881 4746 ).

411 4757 565 4832 Descriptio
576 4757 771 4832 definitionum
784 4762 944 4835 topicorum,
965 4756 1030 4811 libri
1038 4758 1101 4813 III.

1283 3726 1406 3789 invenit,
1420 3734 1525 3796 prater
1544 3722 1621 3791 illas,
1632 3740 1696 3794 quae
1704 3726 1735 3775 in
1750 3722 1821 3778 libro
1837 3725 1863 3775 7
1879 3731 1932 3779 An·

1279 3812 1386 3866 dronici
1397 3813 1434 3867 de
1446 3811 1603 3866 Aristotelis
1619 3815 1729 3885 scriptis
1747 3827 1932 3868 memorantis

1194 3915 1196 3918 ’
1279 3896 1368 3972 (Atia
1376 3898 1521 3973 Epistola,
1538 3899 1603 3953 libri
1612 3900 1677 3954 XX
1683 3904 1819 3954 recensuit
1829 3906 1932 3956 Andro

1277 3990 1364 4052 nicus,
1373 3997 1480 4060 proeter
1490 3987 1569 4056 illas,
1578 4006 1642 4060 quoe
1654 3990 1684 4041 in
1701 3983 1770 4042 libro
1784 3988 1812 4039 7
1819 3992 1927 4044 Andro·

1277 4077 1334 4127 nici
1347 4086 1544 4131 memorantur.
1558 4071 1634 4152 (Cas.
1647 4072 1768 4131 addens:
1779 4077 1828 4129 ubi
1837 4091 1865 4132 et
1875 4083 1932 4132 Ari·

1276 4163 1382 4216 stotelis
1399 4157 1527 4217 librorum
1545 4165 1632 4218 index
1657 4163 1794 4235 occurrit).

1240 4250 1460 4322 Quaestionesde
1478 4252 1595 4305 Homeri
1608 4251 1732 4306 versibus
1750 4255 1931 4306 1000101ον0-

1277 4337 1407 4402 conditt‘s,
1428 4337 1492 4391 libri
1504 4339 1546 4394 X.

1237 4425 1282 4479 De
1301 4426 1423 4478 uniuerso
1441 4425 1596 4480 Medicinoe
1615 4443 1709 4490 sensu,
1736 4424 1808 4481 liber
1833 4426 1854 4479 1
1874 4425 1932 4498 (m

1277 4515 1403 4565 universa
1426 4511 1588 4580 Medicina,
1615 4515 1683 4568 liber
1710 4515 1735 4576 I,
1760 4516 1869 4568 Iatricc
1891 4520 1931 4566 in·

1276 4603 1408 4673 scriptus,
1422 4597 1514 4675 Cau).

1198 4753 1323 4812 Eundem
1332 4754 1408 4813 hane
1418 4753 1595 4814 inconditam
1606 4773 1677 4814 sane
1683 4754 1836 4812 titulorum
1843 4754 1930 4813 lartu-

409 4845 606 4919 Definitionum
628 4847 793 4923 descriptio,
815 4848 878 4902 iibri
901 4848 937 4902 II
967 4842 1103 4920 (110111-
1156 4842 1272 4918 ginem,
1287 4841 1318 4900 in
1344 4862 1434 4923 opere
1448 4844 1526 4922 apud
1540 4842 1608 4902 illos
1622 4842 1672 4920 qui
1688 4843 1719 4900 in
1735 4841 1816 4899 hisce
1828 4843 1931 4901 studiis

441 4927 574 5001 serentiis
585 4938 696 5009 topicis,
711 4937 775 4991 libri
790 4938 839 4995 II.
853 4928 950 5005 (100.)
1025 4934 1030 4940 ’

410 5106 591 5180 Quaestiones,
608 5110 673 5165 libri
683 5110 847 5187 XXVIII(
869 5107 891 5187 ).
920 5151 926 5163 .

1157 4943 1310 4990 versantur
1324 4930 1571 5003 oelebratissimo,
1581 4931 1708 4990 lnxicon
1717 4928 1930 5007 bibliographi·

330 5049 334 5054 ·
411 5016 619 5093 (Terminorum
633 5024 796 5099 descriptio,
820 5017 1052 5095 1110111000.)
1158 5038 1221 5076 cum
1242 5018 1397 5097 inscripto,
1415 5020 1533 5098 repetiit
1556 5018 1682 5077 Hadschi
1710 5017 1837 5091 Chalila,
1852 5018 1931 5077 Con-
1971 5043 1972 5100 j

1157 5106 1443 5185 stantinopolitanns,
1456 5107 1507 5184 qui
1523 5125 1549 5165 s.
1566 5107 1641 5165 1658
1654 5126 1684 5184 p.
1697 5105 1766 5167 Chr.
1782 5127 1813 5164 n.
1828 5126 1931 5185 supro

356 5337 386 5392 (ι)
399 5337 426 5383 10
438 5337 484 5382 aiio
492 5334 572 5382 codice
582 5335 787 5383 Dscbemuiuddini
797 5338 890 5383 uxrlu
902 5336 1115 5384 numerunturiibri
1125 5338 1180 5383 teste
1190 5333 1325 5384 Wenrlchio
1334 5337 1352 5383 1.
1365 5337 1381 5383 l.
1390 5344 1414 5387 r·
1426 5343 1472 5384 15³.
