3959 5900
276 1712 519 1783 Duodecimus
539 1712 613 1805 jam
634 1709 750 1803 agitur
771 1729 900 1793 annus,
921 1727 1036 1800 quum
1055 1705 1110 1774 vir
1127 1703 1344 1795 clarissimus
1363 1712 1403 1775 C.
1425 1711 1548 1776 Busse-

230 1836 395 1903 makerus
409 1834 472 1928 qni
487 1832 599 1926 hujus
619 1828 812 1902 voluminis
829 1828 954 1926 primae
971 1825 1066 1923 parti
1084 1825 1252 1923 praefatus
1279 1842 1345 1913 est,
1372 1826 1550 1923 lmgmen·

231 1969 351 2025 torum
378 1968 560 2050 quotquot
580 1977 600 2023 e
626 1951 822 2049 deperditis
846 1950 1043 2022 Aristotelis
1066 1948 1206 2045 scriptis
1228 1950 1377 2046 reperiri
1404 1966 1550 2047 possent

229 2077 405 2148 editorem
424 2100 500 2147 sese
513 2076 687 2173 promisit.
699 2075 902 2164 Quominus
913 2088 1035 2144 autem
1048 2073 1167 2144 statim
1181 2096 1328 2143 manum
1345 2072 1550 2145 inchoando

230 2200 331 2299 operi
350 2200 571 2286 admoveret,
595 2199 631 2268 in
658 2222 764 2269 causa
786 2197 854 2268 tuit
869 2211 1052 2267 certamen
1075 2195 1272 2265 literarium
1294 2219 1339 2265 eo
1360 2196 1437 2291 ipso
1459 2210 1551 2265 tem-

231 2346 320 2419 pore
333 2320 380 2392 ab
394 2321 521 2392 illustri
531 2319 717 2392 Academia
730 2319 949 2392 Berolioensi
960 2321 1176 2391 institutum.
1193 2319 1330 2388 Etenim
1345 2341 1426 2413 quae
1437 2342 1551 2414 quum

231 2445 368 2540 egregia
380 2443 575 2515 Aristotelis
584 2445 799 2540 scriptorum
812 2442 970 2514 editione
983 2455 1109 2539 parata
1122 2441 1258 2538 optime
1280 2439 1326 2511 de
1345 2439 1403 2510 his
1426 2439 1553 2510 studiis

232 2573 431 2658 meruisset,
452 2567 549 2639 illam
568 2591 716 2664 quoque
733 2564 875 2639 laudem
894 2566 962 2637 sihi
980 2567 1122 2665 praeripi
1147 2565 1278 2654 noluit,
1307 2580 1348 2636 ut
1373 2564 1553 2662 quidquid

232 2690 300 2761 suh
319 2690 526 2788 philosophi
548 2691 695 2761 nomine
721 2714 742 2760 a
770 2689 890 2784 gtaecis
918 2690 1120 2760 romanisve
1141 2686 1376 2784 scriptoribus
1404 2687 1553 2758 allatum

232 2830 338 2902 esset,
357 2816 392 2885 in
407 2839 520 2886 unum
534 2814 637 2910 quasi
649 2813 979 2910 corpuscollectum
993 2811 1188 2906 lucidoque
1202 2810 1329 2882 ordine
1338 2810 1551 2907 dispositum

233 2937 291 3010 edi
303 2953 456 3010 curaret.
478 2943 601 3034 Neque
618 2962 699 3035 spes
713 2960 823 3033 quam
843 2937 892 3007 ita
906 2934 1085 3006 excitabat
1101 2949 1227 3032 optato
1239 2934 1370 3006 ellectu
1384 2933 1553 3005 destituta

233 3074 299 3133 est.
315 3061 381 3133 Vix
399 3076 517 3131 tamen
534 3061 569 3130 in
585 3058 751 3155 publicos
777 3083 862 3131 usus
880 3062 1007 3130 emissa
1025 3056 1236 3129 collectione
1259 3056 1552 3129 Aristoteleorum

235 3191 529 3286 fragmentorum,
571 3187 639 3258 sub
683 3188 753 3258 hoc
793 3187 898 3259 titulo
935 3214 943 3256 :
979 3186 1185 3256 Aristoteles
1216 3186 1555 3286 Pseudepigruplucs

234 3312 344 3383 edidit
364 3312 444 3384 an.
467 3318 565 3411 Rure,
585 3313 721 3410 Lipsiae,
743 3311 847 3401 1863,
867 3334 977 3407 quam
996 3325 1140 3382 senatus
1161 3311 1393 3381 Berolinensis
1407 3312 1555 3407 praemio

233 3434 377 3529 dignam
396 3434 631 3529 judicaverat,
650 3459 780 3531 quum,
796 3435 941 3506 ineunte
962 3435 1083 3504 statim
1102 3458 1198 3504 anno
1220 3432 1471 3530 subsequenti,
1492 3459 1555 3504 su-

235 3581 399 3652 premum
421 3556 517 3628 diem
547 3556 651 3648 obiit,
673 3572 887 3655 praematura
912 3571 1029 3628 morte
1048 3556 1233 3653 abreptus,
1254 3557 1308 3627 vir
1332 3556 1556 3627 doctissimus

235 3678 298 3771 qui
330 3676 440 3771 hujus
468 3678 762 3750 Aristoteleorum
791 3702 944 3776 operum
981 3677 1151 3749 editionls
1180 3676 1405 3749 absolvenda:
1432 3702 1554 3746 curam

236 3812 451 3896 susceperat.
472 3803 549 3868 Hoc
566 3823 651 3870 sane
665 3800 796 3872 acerbo
816 3815 853 3871 et
875 3802 1057 3897 insperato
1075 3823 1161 3870 casu
1179 3800 1314 3869 lactum
1340 3812 1408 3882 est,
1428 3813 1469 3868 ut
1486 3797 1554 3867 hu·

236 3923 463 3994 manissimns
475 3921 697 3993 Bihlrhtleecae
703 3948 827 4020 groecae
836 3922 1016 4013 conditor,
1026 3922 1235 3993 'Ambrosius
1247 3920 1554 4005 FirminnsDidot,

235 4049 290 4118 vir
312 4070 391 4117 mea
418 4045 524 4117 laude
550 4046 735 4143 superior,
760 4071 869 4143 quem
897 4046 1046 4117 unicum
1072 4069 1266 4141 pecatum
1300 4044 1484 4114 literarum
1520 4046 1555 4115 in

234 4170 351 4242 Gallia
369 4170 618 4267 sospitatorem
630 4192 757 4240 omnes
773 4185 920 4255 norunt,
938 4169 1074 4259 adme,
1090 4194 1199 4266 quem
1216 4170 1252 4239 in
1267 4167 1363 4238 idem
1374 4182 1555 4239 certamen

234 4292 280 4365 de
300 4317 375 4389 quo
390 4290 679 4389 supradiximus,
696 4289 913 4361 descendere
925 4314 1067 4380 ausum,
1087 4314 1160 4361 non
1173 4314 1321 4387 prorsus
1338 4289 1556 4387 imparatum

235 4415 417 4504 audiisset,
439 4413 660 4512 provinciam
679 4412 1051 4486 Bussemalterimorte
1073 4413 1279 4486 derelictam
1303 4413 1485 4484 detulerit.
1506 4412 1555 4482 td

238 4536 494 4637 perficiendum
513 4561 599 4609 vero
619 4562 764 4628 munus,
785 4538 899 4634 quod,
919 4538 1049 4629 fateor,
1068 4564 1142 4610 uon
1163 4540 1295 4610 invitns
1310 4538 1398 4609 mihi
1419 4539 1555 4636 imponi

237 4685 362 4760 passus
379 4685 473 4749 stim,
497 4659 573 4731 duo
586 4676 670 4731 sunt
683 4686 764 4758 qnae
774 4660 893 4732 adhuc
902 4659 1085 4733 restabant
1100 4689 1108 4732 :
1123 4663 1407 4759 fragmentorum
1423 4661 1556 4732 scilicet

237 4785 417 4872 collecti0‚
432 4784 564 4855 deinde
582 4782 685 4855 index
702 4785 987 4858 absolutissimus
998 4787 1034 4856 in
1053 4787 1174 4857 omnia
1191 4785 1397 4883 philosophi
1410 4789 1552 4882 scripta.

241 4914 292 4980 lle
307 4909 378 4980 hoc
394 4909 525 5000 indice,
546 4935 628 4980 mox
647 4909 802 5002 edendo,
818 4924 858 4982 ut
878 4934 997 5008 spero,
1018 4911 1121 5006 cnjns
1139 4912 1244 5006 longe
1260 4910 1450 4982 maximam
1473 4933 1556 5005 par·

1380 5048 1401 5091 a

902 5433 1173 5547 97'0‘2'00
