3959 5900
853 542 975 604 zelen.
1650 555 1703 613 ιη

144 673 337 733 'DeAnimab
360 672 470 733 Histor.
491 672 728 752 Vl‚ro,p.1ra,
754 675 813 731 16:
838 673 880 735 ‘it
933 675 1069 754 idemque
1095 697 1169 754 opus
1195 677 1294 749 fuisse,
1325 680 1478 739 manifesto
1498 695 1526 739 et
1552 702 1589 740 ex
1616 684 1709 762 ipsius

105 758 157 836 μίν
171 751 217 820 οὖν
229 765 323 841 σχῆμα
334 763 380 833 τῆς
391 757 502 839 ὑστέρας
518 760 590 839 [τῶν
606 760 727 838 σελαρῶν
741 760 830 840 scil.)
844 763 881 827 ὡς
935 764 1097 823 Aristotelis
1113 764 1210 823 verbis
1224 765 1452 843 deprehenditur
1461 780 1490 826 et
1503 771 1656 829 confirmat
1665 774 1709 830 in-

106 846 659 930 ἔχιιέκτῶνολνατομῶνθιωριίοθω.
804 906 807 911 ,
935 852 1000 912 dex.
1021 852 1087 911 Non
1109 853 1201 930 magis
1222 854 1313 930 igitur
1327 854 1489 914 audiendus
1512 871 1556 916 est
1586 858 1707 935 Rosius,

150 934 341 996 DePartibus
354 933 541 1008 Animal.1V,
558 937 604 1007 13,
624 955 654 1015 p.
679 939 747 1008 ios,
765 937 799 993 15
823 936 882 996 :Oi
936 960 1025 1016 quum
1036 940 1073 998 de
1086 940 1141 999 bac
1159 960 1206 1013 re,
1223 945 1253 999 in
1264 940 1387 1001 librode
1400 950 1552 1002 Aristotelis
1565 949 1629 1007 libr.
1646 955 1707 1010 ord.

107 1024 160 1101 μὲν
181 1015 225 1083 οὖν
249 1024 333 1082 αὐτῶν
352 1024 421 1095 (τῶν
443 1025 564 1102 σιλαχῶν
588 1023 662 1102 scil.)
688 1022 777 1104 ἔχουσι
797 1021 884 1083 πολλᾶ
935 1042 963 1083 er
976 1043 1052 1089 auct.
1069 1050 1100 1108 p.
1125 1030 1192 1101 188,
1211 1042 1336 1089 statuere
1350 1045 1486 1105 conatus,
1503 1033 1628 1094 affirmat
1644 1056 1710 1095 eos-

109 1110 247 1192 βράγχια,
267 1112 291 1170 οἱ
305 1109 328 1168 δ’
342 1108 436 1187 ὀλίγα,
451 1111 536 1170 καλοί
550 1110 598 1188 μὲν
615 1112 696 1172 διπλᾶ
717 1111 777 1171 ott‘
795 1111 881 1172 asie·
936 1114 1001 1174 dem
1029 1116 1115 1195 piane
1136 1117 1224 1176 fuisse
1246 1117 1340 1176 libros
1353 1116 1485 1199 Ἱστοριῶν
1499 1133 1528 1177 et
1546 1118 1708 1198 Ἀνατομῶν,

107 1198 142 1258 sb
157 1199 180 1257 δ’
196 1198 308 1279 ίσχιιτον
322 1197 421 1257 ἁπλοῦν
440 1200 465 1258 oi
483 1198 611 1258 uitiosos.
631 1200 688 1273 Τὴν
710 1199 732 1259 δ’
745 1198 882 1282 ἀκρίὸειαν
937 1223 1023 1280 quam
1039 1224 1129 1281 quum
1143 1204 1265 1284 (Aristar.
1279 1208 1459 1283 Pseudepigr.
1476 1228 1504 1286 p.
1518 1209 1589 1287 276)
1601 1211 1710 1268 nuliam

108 1291 147 1348 ἐκ
160 1290 226 1346 τῶν
246 1289 428 1365 ἀνατομῶν
447 1286 509 1366 παρὶ
527 1284 684 1347 τούτωνκαὶ
698 1288 726 1346 ίν
742 1297 799 1356 ταῖς
811 1290 885 1349 ίστο·
938 1291 1027 1351 fuisse
1041 1291 1235 1351 differentiam
1250 1294 1326 1352 inter
1342 1292 1492 1372 Ἀνατομῶν
1505 1309 1534 1355 et
1548 1299 1658 1356 Ζωικῶν
1672 1300 1711 1357 li·

110 1376 179 1456 ρίαις
192 1378 249 1442 ταῖς
265 1374 327 1456 napi
340 1374 375 1433 sd
389 1376 443 1456 ζῷα
457 1375 496 1436 δεῖ
508 1379 623 1458 θιοιριῑν.
937 1380 1005 1439 bros
1018 1382 1175 1441 contendit.
1191 1382 1252 1441 Hoc
1264 1383 1342 1441 enim
1358 1383 1461 1442 fulsum
1475 1403 1538 1444 esse
1547 1385 1609 1463 jam
1623 1388 1712 1466 Apol-

152 1464 195 1522 De
208 1462 313 1522 Gener.
327 1463 453 1522 Animal.
469 1462 494 1536 l,
513 1484 558 1538 ιι,
578 1486 608 1544 p.
622 1466 689 1539 325,
707 1486 743 1539 ²7
769 1489 776 1523 :
799 1471 845 1523 Διῑ
858 1463 885 1523 δὲ
939 1467 1010 1526 lonii
1022 1469 1187 1529 testimonio
1201 1469 1388 1551 comprobari
1403 1474 1509 1550 poterit
1518 1517 1526 1544 ,
1540 1474 1591 1550 qui
1603 1490 1710 1552 praeter

109 1551 159 1611 καὶ
181 1550 241 1633 περὶ
261 1550 359 1621 ταύτης
374 1551 444 1628 (τῶν
458 1553 580 1632 σελαχῶν
601 1552 678 1632 scil.)
692 1552 738 1611 καὶ
751 1552 812 1632 aspi
833 1555 884 1611 τῶν
939 1553 1030 1614 Ζοιῖαοὶ
1054 1569 1082 1614 et
1107 1555 1246 1638 Ἱστορίας,
1267 1557 1396 1636 Ἐκλογοίς
1420 1579 1536 1639 quoque
1561 1561 1710 1639 Ἀνατομῶν

110 1638 201 1697 ἄλλων
214 1640 342 1718 ὑστερῶν,
352 1636 381 1697 ὃν
392 1637 487 1718 τρόπον
499 1637 623 1719 ίχονσιν,
637 1639 672 1700 ἔκ
686 1664 720 1699 ττ
733 1643 796 1700 τῶν
808 1643 846 1698 ἀν
855 1664 886 1697 α·
938 1643 1080 1701 nominat.
1096 1643 1177 1703 Talis
1191 1659 1284 1705 autem
1298 1648 1427 1725 excerpti
1446 1649 1556 1707 mentio
1566 1649 1597 1708 in
1615 1650 1712 1709 indice

109 1728 223 1805 τζομῶν
237 1722 427 1806 τεθεωρηκέναι
443 1727 489 1784 καὶ
504 1729 557 1786 τῶν
571 1728 705 1809 ἱστοριῶν.
939 1732 1116 1790 mentionem
1153 1735 1257 1811 integri
1293 1735 1393 1814 operis
1423 1738 1518 1795 statim
1555 1737 1710 1817 subsequi-

154 1812 250 1872 siniti
259 1813 346 1893 plane
355 1814 443 1871 modo
452 1828 485 1872 ut
493 1815 525 1873 in
534 1815 615 1874 bisce
626 1816 699 1874 locis
707 1814 884 1890 Aristotelis,
940 1833 987 1877 tur
1013 1818 1150 1898 ;Ἐιιλογή
1177 1820 1327 1898 Ἀνατομῶν
1360 1823 1386 1880 α’
1409 1824 1512 1902 (Diog.
1536 1825 1630 1885 laert.
1657 1838 1710 1897 rot

112 1922 180 1960 eum
190 1899 369 1958 Animsfium
376 1899 511 1960 historiis
519 1899 886 1979 draeouaiconjunguntur,
908 1937 912 1947 ι
940 1903 1056 1983 Ἐκλογὴ
1070 1905 1168 1965 τούτων
1184 1907 1208 1964 α’
1221 1909 1316 1969 bnon.
1328 1910 1387 1989 85).

111 1988 192 2067 apud
211 1988 399 2066 interpretem
422 1986 555 2047 Graecum
573 1988 643 2047 libri
659 1988 695 2048 de
709 1988 885 2047 Animalium

112 2077 267 2152 ingressu,
282 2075 367 2153 cujus
378 2076 489 2134 scholia
501 2090 569 2155 post
582 2076 725 2155 Simplicii
739 2096 885 2136 commen·
1075 2097 1139 2159 χρρ,
1163 2101 1316 2162 ΕΚΛΟΓΗ
1338 2103 1559 2163 ΑΝΑΤΟΜΩΝ.

113 2166 207 2222 iarios
224 2162 259 2221 ad
280 2163 375 2223 libros
395 2162 432 2221 de
445 2164 552 2221 Anima
562 2164 640 2223 edita
655 2177 729 2223 sunt.
741 2162 785 2221 Ex
798 2163 887 2240 hujus

113 2265 212 2309 tnrrren
228 2250 328 2310 verbis
349 2251 399 2313 fol.
422 2252 478 2325 178
491 2246 578 2311 ver'so
595 2273 602 2309 :
618 2249 681 2313 Ὅτι
697 2250 721 2309 δ’
735 2251 786 2310 οἰσὶ
807 2249 887 2331 μόριά
1278 2266 1371 2345 (236.)

114 2361 175 2397 τινα
199 2336 241 2418 ὑφ’
260 2328 297 2396 ῶν
319 2340 422 2397 fraisai
443 2338 489 2397 >sod
517 2338 680 2418 σννιχίζιται
703 2340 735 2398 sd
761 2338 887 2418 ὀργανικὰ

112 2424 200 2504 μέρη,
211 2425 288 2496 δῆλον
299 2426 329 2483 ιχ
346 2424 399 2503 [π]
414 2428 461 2496 τῆς
476 2425 537 2503 περὶ
553 2423 888 2506 ζῴωοῑσςορίαςχαὶτῶς
981 2413 1155 2493 Apollonius
1166 2412 1270 2475 tiirab.
1283 2435 1307 2472 c.
1321 2415 1359 2490 39
1374 2434 1381 2471 :
1395 2413 1634 2493 Ἀριστοτέλης
1647 2416 1670 2472 d‘
1687 2418 1714 2472 ἐν

114 2516 155 2570 ἀν
167 2515 320 2591 ατομῶν,
331 2513 406 2572 nihii
428 2514 498 2572 satis
518 2515 590 2573 certi
608 2515 675 2573 elici
701 2527 806 2592 potest.
829 2514 887 2573 Nec
941 2501 998 2569 ταῖς
1010 2498 1614 2581 'Extqenem'svotondrdomidati&
1627 2502 1714 2583 Πάγῳ

115 2601 222 2676 magis,
237 2618 353 2673 vereor,
367 2599 820 2679 uddijudicandamquaestionem
836 2621 889 2659 nos
941 2587 1023 2656 πόδας
1032 2587 1104 2685 ,ἔχων
1116 2589 1161 2647 δύο
1176 2588 1278 2666 ὁμοίους
1289 2589 1407 2672 χερσαίῳ
1418 2589 1576 2670 κροκοδείλῳ
1589 2615 1612 2650 ¹·

112 2686 233 2765 jrrvnbit
244 2686 401 2766 Apuleius,
416 2688 526 2767 quippe
537 2689 589 2766 qui
599 2732 608 2764 ‚
620 2707 710 2766 quum
721 2689 754 2747 in
764 2686 842 2746 libro
854 2687 889 2745 de

119 2776 227 2851 Magia,
246 2795 272 2832 e.
289 2775 343 2848 36,
366 2775 498 2853 primum
517 2776 616 2835 dixit:
633 2780 711 2832 Bene
725 2779 798 2851 quud
813 2779 892 2851 apud
1214 2778 1295 2839 Xlli.
1315 2780 1445 2841 zitiiii.

115 2877 162 2929 te,
182 2864 321 2933 Maxime,
334 2881 422 2932 eausa
431 2870 538 2936 agitur,
551 2869 599 2938 qui
607 2884 661 2938 pro
673 2878 723 2920 tua
739 2865 890 2919 eruditione

118 2955 214 3027 legisti
232 2947 361 3026 profecto
383 2954 541 3008 Aristotelis
564 2948 625 3032 πιρλ
649 2949 721 3032 ζῴων
748 2948 889 3028 γενέσεως,
983 2946 1715 3008 Numerumlibrorumdeanimaliumsivehistoria

117 3037 181 3117 περὶ
197 3034 270 3117 ζῴοιν
283 3038 434 3112 ἀνατομῆς,
449 3037 510 3119 περὶ
522 3037 595 3118 ζῴων
607 3037 723 3118 ἱστορίας
740 3042 890 3117 multiiuga
943 3039 1005 3097 sire
1019 3050 1138 3108 notura,
1154 3036 1207 3111 qui
1221 3036 1281 3116 jam
1297 3036 1366 3095 inde
1381 3037 1418 3095 ab
1439 3035 1714 3102 Alexandrinorum,

119 3131 279 3192 uolunn‘nn,
298 3125 405 3206 deinde
418 3147 504 3200 vero,
521 3150 549 3190 c.
565 3137 623 3198 io:
640 3132 729 3202 erasi
749 3148 818 3185 vero
835 3149 891 3185 noa
944 3138 976 3183 ut
991 3126 1108 3183 uidetur
1119 3168 1128 3196 ,
1139 3135 1232 3195 aetate,
1248 3142 1298 3183 seu
1313 3143 1386 3183 vero
1401 3143 1453 3184 seu
1466 3124 1540 3182 falso
1553 3124 1716 3185 Aristotelis

114 3219 204 3292 paulo
212 3223 297 3292 prius
316 3218 456 3288 dixerim,
468 3238 529 3279 ‚me
546 3221 583 3275 de
598 3223 748 3294 particulis
767 3224 891 3274 omnium
945 3215 1064 3273 nomine
1084 3212 1220 3291 inseripti
1244 3212 1532 3282 circumferebantur,
1550 3212 1641 3271 muito
1656 3232 1716 3271 ma-

116 3308 284 3361 animalium
300 3349 307 3374 ,
326 3308 363 3362 de
380 3313 433 3362 situ
454 3327 549 3363 aarum
565 3309 655 3382 deque
676 3312 893 3363 causaconreri-
942 3301 1039 3379 jorem
1056 3302 1145 3360 fuisse
1159 3319 1245 3376 quam
1266 3318 1352 3378 quem
1373 3299 1484 3359 indices
1505 3300 1598 3358 nostri
1621 3299 1715 3358 decla·

118 3393 182 3450 bere
204 3413 238 3449 ac
258 3395 342 3450 libros
364 3394 502 3470 ἀνατομῶν
517 3398 675 3451 Aristotelis
695 3408 722 3451 et
744 3397 894 3469 explorare
946 3402 1025 3464 runt,
1051 3409 1117 3448 cum
1142 3394 1348 3463 quinquaginta
1370 3386 1469 3460 ferme
1492 3391 1640 3444 volumina
1665 3392 1717 3443 illa

116 3482 210 3536 studio
232 3494 262 3537 σι
281 3499 399 3554 augere,
419 3480 456 3537 de
476 3480 567 3538 nullis
587 3480 655 3538 aliis
671 3479 757 3539 libris
776 3480 893 3539 locutus
942 3481 1085 3551 proeclura
1096 3478 1132 3532 de
1144 3476 1314 3531 animalibus
1324 3474 1476 3534 ostendere
1488 3473 1636 3543 videntur,
1647 3492 1717 3548 quo·

117 3584 182 3624 esse
196 3564 313 3623 videtur
324 3584 412 3642 quam
424 3565 461 3623 de
471 3566 509 3624 iis
520 3567 571 3642 qui
586 3566 623 3624 de
632 3567 810 3625 Animalium
822 3568 892 3625 Par·
945 3583 1011 3622 rum
1042 3563 1218 3621 mentionem
1244 3560 1346 3638 injecit
1368 3562 1486 3620 Plinius
1511 3560 1585 3616 Hist.
1613 3557 1714 3618 Natur.

118 3652 198 3710 tibus
210 3651 348 3730 inscripti
359 3664 434 3710 sunt
946 3649 1027 3724 vui,
1049 3671 1096 3722 17,
1122 3651 1178 3720 43,
1202 3662 1262 3707 tum
1277 3649 1437 3726 praesertim
1460 3644 1600 3721 Antigoni
1615 3643 1715 3716 verba,

160 3738 203 3795 De
217 3739 380 3814 totaigitur
401 3738 454 3796 bae
479 3757 527 3810 re,
550 3759 615 3797 cum
640 3740 837 3810 Schneidero‚
859 3741 892 3799 in
948 3737 988 3795 ita
1005 3736 1129 3795 dicentis
1148 3735 1254 3794 Mirab.
1280 3756 1304 3794 c.
1320 3738 1359 3793 60
1384 3757 1391 3790 ε
1418 3733 1496 3805 Πλὴν
1517 3731 1534 3790 ί
1545 3754 1576 3809 γε
1594 3736 1715 3811 Ἀριστο-

118 3823 243 3896 Prusae.
251 3829 292 3881 ad
300 3832 386 3884 Arist.
393 3827 430 3882 de
437 3832 531 3882 Anius.
542 3827 635 3886 disat.
644 3826 668 3897 Ι,
676 3825 779 3904 ρ.ΧΙΙ,
792 3826 895 3885 Prunt-
947 3825 1026 3895 τίλης
1036 3821 1117 3902 χωρίς
1128 3825 1174 3892 τῆς
1189 3821 1248 3900 περὶ
1261 3821 1320 3887 τοὺς
1332 3821 1404 3898 βίους
1415 3824 1469 3879 τῶν
1483 3819 1556 3900 ζῴων
1570 3819 1717 3898 ίντρεχιίας

118 3917 177 3985 iio,
192 3915 376 3970 Delibn'sad
388 3915 453 3973 aur.
469 3916 599 3973 animali.
611 3921 760 3989 pertinent.
777 3917 888 3982 ordine,
946 3911 993 3968 καί
1015 3909 1123 3970 τοιαῦτά
1142 3932 1201 3968 τινα
1219 3909 1397 3988 διεξέρχεται,
1412 3908 1481 3968 ποίνυ
1505 3906 1604 3978 πολλὴν
1625 3906 1717 3978 ἐπιμί-

118 4000 277 4072 Monachii,
297 4003 382 4073 1843,
397 4022 425 4080 p.
438 4001 475 4059 ab
490 4020 547 4079 sq„
558 3998 687 4075 'ihioiia
704 4004 746 4058 lte
762 4004 890 4077 zooiogi·
946 3999 1019 4055 λειαν
1044 3994 1218 4073 πεποιημένος
1232 3999 1258 4055 ἐν
1281 3997 1334 4062 τοῖς
1354 3996 1486 4063 πλείστας
1500 3997 1585 4053 αὐτῶν
1605 3993 1651 4053 καί
1664 3986 1716 4053 οἶον

117 4111 174 4149 cor.
192 4094 306 4147 Aristot.
330 4091 393 4150 libr.
421 4092 529 4158 ordine,
554 4087 671 4149 Vratisl.
696 4089 784 4161 1855,
799 4110 831 4169 p.
855 4109 893 4148 aa
947 4085 1054 4166 ίργῳοῦ
1067 4084 1192 4165 παρέργῳ
1205 4082 1341 4163 χρώμενος
1353 4086 1388 4163 τῇ
1401 4083 1462 4164 περί
1475 4081 1574 4144 τούτων
1586 4080 1715 4156 ἐξηγήσει·

118 4196 175 4253 sq„
189 4175 314 4249 zellae,
328 4177 493 4234 Gesalriclrte
501 4180 553 4234 der
566 4179 676 4239 Philas.
684 4182 737 4235 der
744 4178 886 4245 Grieelren,
946 4174 980 4233 τὰ
991 4177 1053 4250 γοῦν
1064 4172 1152 4232 πάντα
1161 4170 1255 4250 σχεδὸν
1267 4168 1448 4245 ίὸδομιίιιοντα
1460 4169 1520 4252 περί
1531 4171 1616 4228 αὐτῶν
1631 4192 1716 4227 κατα-

120 4276 141 4321 ι.
163 4263 208 4337 ΙΙ,
230 4285 259 4337 a,
279 4284 310 4343 p.
333 4266 391 4336 66,
409 4265 452 4322 sic
466 4266 649 4324 statuendum
667 4285 730 4326 esse
752 4265 891 4344 arbitror,
947 4259 1076 4332 ὅέὸληται
1090 4258 1198 4339 βιὸλία,
1223 4256 1268 4317 καί
1292 4259 1450 4337 πεπείραται
1469 4255 1715 4336 ἐξηγητικῶτερονῆ

117 4352 547 4430 praeteriibrosdednimalium
556 4353 895 4428 Historiis,dristotelem
946 4347 1183 4424 ίστορικώτερονὲν
1202 4346 1322 4412 ἑκάστοις
1337 4345 1554 4424 ἀναστρέφεσθαι.

118 4440 195 4498 alios
207 4439 348 4517 quosdam
360 4441 585 4513 condidisse,in
604 4443 711 4519 quibus
723 4441 894 4519 descriptio-
988 4435 1022 4495 Ιιι
1041 4435 1192 4495 condendo
1215 4454 1305 4514 opere
1327 4434 1474 4493 Naturalis
1495 4433 1630 4492 Historia»
1653 4434 1716 4492 Pii-

118 4547 171 4587 nes
195 4548 250 4606 per
263 4529 438 4588 lineamenta
456 4530 630 4588 interiorum
651 4530 778 4608 partium
796 4527 895 4606 cujus·
948 4526 1047 4596 nium,
1062 4539 1094 4584 ut
1113 4536 1259 4605 parerat,
1275 4522 1376 4582 ubivis
1392 4522 1450 4581 fere
1469 4522 1633 4581 Aristotelis
1650 4541 1717 4581 ves·

117 4635 234 4694 cunque
252 4619 367 4694 generis
390 4618 559 4677 animalium
587 4616 818 4675 continebuntur.
835 4616 894 4675 Hos
948 4614 1028 4690 tigiis
1052 4614 1203 4684 institisse,
1225 4632 1312 4671 nemo
1337 4610 1469 4689 profecto
1492 4609 1647 4670 mirabitur
1665 4612 1715 4686 qui

117 4704 896 4764 sutemcunriibrisdeAnimafiumbistoriisaretiore
919 4769 921 4782 Ι
949 4717 1057 4781 quanta
1082 4701 1169 4778 hujus
1193 4701 1348 4758 auctoritas
1369 4699 1400 4758 in
1427 4698 1476 4757 tali
1499 4698 1660 4776 presertim
1685 4716 1717 4755 re

119 4792 246 4869 quodam
261 4810 338 4852 nexu
363 4792 531 4864 cohaesisse,
547 4813 611 4851 cum
634 4804 663 4850 et
683 4794 747 4870 ipsa
765 4810 812 4851 res
827 4792 895 4850 satis
948 4810 1002 4869 per
1035 4803 1123 4848 totam
1153 4788 1352 4865 antiquitatem
1385 4786 1472 4844 fuerit
1505 4804 1564 4844 non
1592 4786 1715 4861 ignorat.

51 4921 54 4928 .
119 4880 257 4952 declarat,
277 4894 336 4939 tum
352 4880 488 4959 frequens
505 4893 698 4958 utrorumque
712 4880 789 4959 apud
799 4879 895 4958 pbilo-
947 4879 1080 4949 Quonam
1096 4896 1166 4936 vero
1185 4877 1272 4934 modo
1289 4876 1317 4933 id
1337 4875 1509 4954 plerumque
1527 4873 1641 4945 ieoerit,
1657 4892 1716 4931 uon

118 4967 244 5044 sophum
271 4970 447 5043 conjunctio.
480 4968 579 5046 Neque
609 4981 703 5026 tamen
732 4987 782 5026 eos
805 4987 894 5025 unum
920 5021 924 5030 ,
948 4969 1021 5026 satis
1038 4966 1153 5043 liquido
1164 4977 1294 5043 apparet.
1310 4964 1353 5021 De
1369 4963 1422 5021 hac
1436 4963 1515 5020 enim
1529 4980 1560 5020 re
1576 4981 1642 5038 quae
1655 4961 1718 5037 ipse

115 5071 1716 5106 *ψ’-Μή

948 5157 997 5222 pbo
1008 5157 1258 5221 serpensoonspeotus
1269 5159 1317 5215 est,
1332 5152 1374 5217 qui
1391 5152 1452 5203 duos
1464 5150 1536 5214 podes
1549 5148 1648 5198 baberet
1662 5159 1715 5209 per·

319 5217 443 5267 mom
461 5215 699 5266 mmmm
948 5245 1004 5297 inde
1014 5258 1043 5296 ιο
1054 5243 1188 5296 erooodiius
1196 5242 1325 5295 terrestris.
1336 5261 1349 5285 »

154 5355 330 5408 aristotelesit
346 5355 524 5408 Disseetionum
537 5353 631 5420 Edonis
650 5352 732 5404 scribit
748 5370 756 5403 z
779 5371 791 5394 α
806 5351 833 5400 ia
851 5350 895 5401 Pa·
