3959 5900
784 561 1010 625 DlVlSlDNES.
1664 568 1701 627 91
1756 608 1760 615 .
1805 552 1810 559 ’

102 695 156 769 ΠΙ,
174 703 246 764 tra.
269 696 310 754 De
324 695 476 775 deperdito
494 686 574 756 libro
595 690 660 752 sive
693 697 872 774 μαθηματικῷ
927 692 974 753 καί
988 691 1099 772 ὕστερα,
1114 689 1148 751 τὰ
1163 691 1192 753 δδ
1210 691 1281 754 κατὰ
1296 691 1372 775 φάσιν
1385 690 1432 753 καί
1453 694 1556 765 οὐσίαν,
1570 692 1622 756 ὅσοι
1636 696 1707 763 ott·

101 783 165 843 site
181 782 306 864 περὶτῆς
325 783 351 841 δν
365 790 419 850 τοίς
438 784 594 862 μαθήμασιν
610 782 700 849 οὖσίας
724 781 874 859 cogitabat
926 804 1004 861 χιται
1016 770 1083 839 εἶναι
1096 779 1158 840 ἄνευ
1170 779 1269 857 ἄλλων,
1281 781 1367 840 istim
1383 780 1410 839 δὲ
1426 778 1488 839 άνιν
1503 780 1608 841 ἐκείνων
1626 775 1708 862 μιγῇ

103 872 263 932 fabricius.
277 873 320 931 De
338 872 448 951 quibus
462 887 573 945 tumen,
586 886 779 953 preterquam
792 872 871 951 quod
927 868 1053 947 διαιρέσει
1075 868 1208 948 ίχράρατο
1226 867 1360 940 Πλάτων,
1379 887 1445 945 quus
1468 867 1619 929 distinctio
1644 870 1708 930 iru-

104 964 136 1022 in
152 961 300 1022 indicibus
314 961 516 1035 nominantur,
532 962 608 1022 nihil
622 976 803 1041 compertum
818 971 871 1020 est.
927 971 987 1017 stra
1001 957 1033 1015 in
1053 955 1118 1033 ejus
1138 954 1226 1015 libris
1248 955 1300 1034 qui
1322 968 1437 1014 exstant
1459 956 1610 1033 queritur.
1633 956 1707 1015 Num

927 1065 1001 1104 vero
1022 1043 1225 1102 in'Plotonem
1249 1041 1370 1114 cadant,
1394 1062 1459 1120 quae
1485 1056 1588 1102 contra
1606 1045 1707 1103 salsam

928 1132 1124 1210 quorumdam
1138 1131 1316 1190 divisionem
1332 1150 1471 1208 generum
1487 1133 1656 1190 attimnlium
1670 1134 1708 1192 rb

929 1221 1084 1279 Aristotele
1102 1220 1180 1279 dicta
1200 1232 1279 1293 sunt,
1301 1220 1338 1278 de
1356 1219 1449 1279 Partt.
1473 1220 1601 1281 Animal.
1627 1224 1653 1293 1,
1676 1243 1706 1294 α,

333 1288 647 1369 ΔῙΑῙΡΕΣΕῘΣ
679 1385 682 1388 ψ
739 1361 743 1367 .
929 1312 946 1368 3
967 1330 975 1366 :
990 1307 1054 1369 Ἔτι
1068 1307 1096 1367 δδ
1110 1306 1239 1389 προσήκοι
1251 1305 1289 1386 μὴ
1304 1308 1419 1367 διασπᾶν
1436 1307 1545 1367 ίκαστον
1560 1306 1642 1386 γάνος,
1654 1299 1707 1369 οἷον

96 1464 101 1471 ,
927 1394 988 1463 τοδς
1001 1395 1103 1476 ὄρνιθας
1116 1394 1176 1463 τοὺς
1196 1392 1243 1472 μὲν
1259 1397 1285 1455 ἐν
1299 1396 1378 1473 τῇδι,
1392 1394 1452 1464 τοὺς
1466 1394 1489 1455 δ’
1504 1397 1531 1455 ἐν
1552 1395 1621 1476 άλλφ
1635 1397 1708 1455 διαι-

137 1484 288 1542 Platonem
311 1482 343 1540 in
364 1480 516 1562 Διαιράοισι
539 1481 624 1540 affert
646 1481 814 1539 Aristoteles
838 1480 874 1539 de
930 1482 1000 1566 φάσει
1023 1482 1142 1564 καδάτιρ
1169 1483 1275 1562 ίχονσιν
1298 1484 1326 1542 αἱ
1354 1482 1537 1562 γεγραμμέναι
1561 1482 1708 1567 διαιράσιις

96 1571 204 1632 Gener.
218 1583 247 1630 et
259 1570 396 1651 Corrupt.
411 1568 452 1642 li,
467 1572 496 1643 3,
511 1570 528 1628 5
546 1591 554 1626 :
567 1568 696 1637 Ἅπαντες
706 1570 730 1627 ol
751 1567 784 1627 τδι
799 1567 873 1627 dri&
928 1575 983 1632 ἐκεῖ
994 1571 1046 1653 γάρ
1059 1569 1119 1640 τοὺς
1134 1569 1183 1647 μίν
1194 1569 1262 1650 μετά
1281 1573 1333 1629 τῶν
1352 1567 1464 1652 ίνάδρων
1484 1571 1632 1647 σνμὸοιίνει-
1646 1573 1709 1652 διῃ-

95 1661 208 1739 σάιματα
222 1661 341 1742 στοιχεῖα
360 1661 494 1725 ποιοῦντος
515 1659 540 1715 οἱ
554 1655 603 1733 μίν
617 1655 665 1727 δν,
686 1657 710 1714 ol
733 1652 762 1714 δὲ
777 1655 834 1733 δύο,
849 1659 874 1716 oi
930 1663 1036 1742 ρῆσθαι,
1049 1658 1109 1728 τοὺς
1130 1660 1154 1717 δ’
1165 1661 1193 1720 ίν
1208 1658 1281 1740 ἄλλῳ
1304 1656 1389 1739 γίνιι,
1406 1659 1474 1718 licet
1497 1658 1606 1717 similia
1626 1658 1710 1718 inve·

95 1749 122 1810 tt
140 1747 220 1830 τρία,
239 1749 264 1806 οἱ
285 1747 313 1806 ll
333 1745 448 1827 τάτταρα
466 1749 620 1807 ποιοῦσιν...
636 1746 672 1804 Ol
696 1743 719 1801 δ’
734 1741 808 1810 εὐθὺς
829 1745 874 1804 δύο
929 1751 1049 1807 niantur
1072 1767 1138 1807 cnm
1158 1749 1190 1806 in
1211 1746 1359 1826 Sophiste,
1385 1767 1415 1825 ρ.
1437 1766 1508 1821 τοο,
1524 1747 1559 1819 Α,
1580 1745 1614 1818 B,
1646 1759 1708 1805 tum

95 1842 241 1911 ποιοῦντος,
253 1833 343 1916 ὥσπερ
357 1832 529 1917 Παρμενίδης
541 1836 595 1912 πῦρ
606 1830 652 1892 καί
660 1833 723 1909 γῆν,
733 1826 768 1888 τά
776 1831 874 1906 μιταξδ
929 1837 1077 1916 praecipue
1090 1836 1123 1895 in
1136 1834 1275 1907 Politico,
1290 1854 1320 1912 p.
1334 1836 1404 1906 αδδ,
1420 1834 1458 1905 Ι),
1470 1832 1556 1892 valde
1566 1833 1708 1892 incertum

93 1926 218 2006 μίγματα
232 1927 336 1983 ποιοῦσι
348 1922 461 1999 τούτων,
470 1912 523 1980 οἷον
541 1919 663 2001 ἀάρακαλ
679 1917 760 1998 ὕδωρ.
774 1917 876 1981 ‘Dorti-
929 1923 1027 1983 videri
1040 1923 1160 2002 poterit.

93 2036 142 2079 τως
158 2011 209 2072 καί
223 2012 247 2069 οἱ
268 2009 329 2090 τρία
342 2009 477 2088 λάγοντις,
497 2006 616 2087 καθάπερ
637 2004 754 2067 Πλάτων
773 2009 799 2066 ίν
818 2008 875 2075 ταῖς
971 2010 1137 2089 Utcumque
1151 2029 1222 2068 vero
1236 2010 1273 2067 de
1285 2008 1340 2066 hoc
1355 2028 1388 2066 re
1401 2020 1544 2066 statuatur
1554 2006 1609 2085 (ci.
1621 2006 1709 2067 Bour-

94 2097 458 2183 Διαιρὲσιοιν·τδγίιρμι’σον
466 2103 554 2174 μῖγμα
564 2102 644 2156 σοιτί.
656 2095 874 2165 Quaenumvero
929 2114 998 2172 not,
1033 2103 1182 2157 Platonica
1211 2099 1371 2159 Aristotelis
1395 2099 1547 2174 opuscula,
1582 2095 1707 2157 Putbus.

95 2189 138 2247 hae
159 2187 328 2247 Diuisione·
350 2186 459 2245 fuerint
475 2182 537 2263 jam
559 2183 667 2243 frustra
680 2182 816 2261 quaesisse
829 2184 875 2244 vi·
932 2187 1019 2257 1853,
1035 2206 1063 2265 p.
1082 2208 1114 2264 9,
1137 2183 1311 2260 Ueberweg,
1339 2187 1408 2241 siber
1429 2187 1478 2241 die
1502 2185 1636 2241 Echtheit
1653 2191 1713 2243 und

94 2277 201 2337 dentur
210 2275 324 2354 antiqui
337 2271 506 2355 philosophi
518 2273 702 2350 interpretes.
715 2271 783 2329 llaec
795 2271 873 2330 enim
928 2274 1070 2353 Zeitsolge
1089 2275 1284 2351 plamntsclrer
1303 2268 1456 2346 Schriften,
1477 2271 1574 2344 Wien,
1590 2293 1619 2352 p.
1644 2274 1709 2344 153,

93 2366 225 2425 adhunc
242 2364 340 2423 locum
361 2360 519 2440 adscripsit
536 2360 665 2419 loannes
691 2359 875 2439 Philoponus
929 2364 1027 2442 ηιμ),
1052 2362 1108 2421 hoc
1123 2362 1200 2421 nihil
1223 2360 1259 2420 ad
1283 2361 1403 2420 alteram
1426 2361 1615 2437 quaestionem
1631 2361 1708 2435 lacit,

95 2454 147 2515 tot.
162 2457 202 2514 50
216 2473 302 2513 verso
320 2474 327 2509 :
346 2450 480 2524 Ζητητάον
494 2450 611 2516 δίτοίας
630 2452 708 2509 καλεῖ
719 2449 875 2532 Διαιρέσεις,
929 2451 966 2510 de
980 2449 1131 2509 Aristoteli
1140 2451 1259 2527 inquam
1269 2447 1419 2526 adscripto
1440 2446 1535 2519 libro,
1545 2467 1631 2525 quem
1648 2450 1711 2509 sive

91 2544 118 2601 D
138 2533 180 2611 αἶς
197 2539 345 2602 διατάττων
358 2539 422 2621 φησί
432 2538 494 2619 περὶ
505 2537 604 2598 τούτων
621 2538 666 2597 τὀν
683 2537 828 2601 Πλάτωνα.
843 2538 875 2598 Ὁ
930 2552 1022 2598 totum
1037 2538 1102 2598 sive
1115 2554 1154 2594 ex
1175 2548 1257 2614 parte
1272 2535 1405 2594 Platonis
1428 2534 1592 2594 divisiones
1613 2537 1709 2595 conti-

91 2630 140 2707 μίν
164 2621 213 2690 οὗν
234 2627 364 2708 ἐξηγητὴς
385 2626 552 2707 ’λλοἜανδρος
574 2627 646 2704 λάγιι
664 2625 712 2696 τὰς
731 2627 876 2707 φερομένας
930 2636 1046 2684 nentem
1061 2623 1136 2684 Vitis
1151 2623 1392 2703 philosophorum
1414 2621 1540 2697 inseruit
1561 2623 1708 2700 Diogenes

92 2720 241 2787 Πλάτωνος
267 2717 417 2797 Δισιράσιις
444 2713 603 2775 νοδεύεσδαι·
623 2714 676 2773 ὁδ’
695 2712 876 2791 Ἀριστοτέλης
932 2712 1075 2772 Laertius.
1089 2712 1146 2783 Qui
1160 2711 1279 2789 quidem
1291 2709 1368 2769 liber
1378 2710 1532 2770 abeonon
1541 2711 1732 2771 videtnrdiu

90 2808 189 2889 (φησί)
205 2805 267 2886 περὶ
284 2807 337 2863 τῶν
347 2805 374 2862 ίν
387 2805 427 2882 τῷ
439 2803 561 2883 Σοφιστῇ
577 2803 616 2881 τῷ
631 2799 747 2881 διαλόγῳ
766 2802 875 2881 ιλρημί·
929 2820 1033 2861 versus
1052 2800 1142 2860 fuisse
1155 2818 1241 2877 quem
1256 2798 1477 2877 supposititium
1490 2796 1552 2876 jam
1565 2797 1707 2861 habuerat

90 2918 141 2954 νων
165 2893 258 2973 λέγει,
281 2887 422 2970 ,διαιρέσεις
441 2890 529 2948 καλῶν
550 2887 584 2946 τί
608 2890 635 2948 ίν
656 2886 759 2970 ἐκείνῳ.
776 2887 875 2952 'torto
931 2885 1109 2961 Alexander,
1120 2886 1235 2946 doanne
1246 2885 1414 2965 Philopono
1425 2897 1506 2943 teste.
1517 2884 1551 2944 ln
1562 2885 1711 2946 indicibus

91 2984 119 3045 tt
133 2983 176 3043 δτι
197 2983 303 3061 πρῶτον
318 2979 367 3058 μὶν
385 2977 532 3059 Διαιρέσεις
546 2978 689 3047 Πλάτωνος
702 2978 769 3047 ὅλως
788 2981 876 3060 δτιγι-
930 2978 1031 3058 plures
1048 2988 1118 3036 sunt
1132 2976 1210 3035 tituli
1223 2974 1277 3053 qui
1291 2974 1350 3033 huc
1362 2973 1468 3033 referri
1481 2987 1615 3052 possunt.
1631 2975 1709 3034 1³1·ae-

90 3069 250 3153 γραμμάναι
279 3068 309 3128 οδ
335 3066 467 3151 φέρονται·
496 3068 524 3126 o
549 3066 577 3126 δδ
598 3069 637 3148 τῷ
660 3067 778 3151 Σοφιστῇ
803 3071 878 3130 citis
931 3078 975 3125 ter
1000 3063 1147 3145 Διαιράσιις
1178 3061 1208 3133 ιζ’
1232 3062 1312 3122 enim
1339 3061 1417 3141 apud
1432 3060 1595 3139 Diogenem
1620 3060 1711 3122 Laer-

90 3157 217 3240 φαίνιται
230 3160 346 3218 τοιοῦτον
363 3159 378 3215 ὁ
398 3155 514 3218 Πλάτων
537 3154 623 3233 λέγων
644 3145 699 3216 οἷον
713 3155 817 3238 εἴρηται
832 3159 877 3217 ίν-
930 3154 1003 3215 tium
1026 3153 1115 3234 (ts),
1128 3151 1318 3212 nominantur
1338 3147 1484 3230 Διαιράσιις
1513 3152 1664 3231 σοφιστικαὶ
1687 3152 1709 3209 δ’

89 3251 188 3308 reita·
204 3246 262 3307 οὐδὲ
282 3245 353 3307 ίστιν
367 3248 453 3325 ιδριῖν
470 3266 530 3303 τινα
545 3246 626 3305 αὐτοῦ
640 3244 737 3324 (αὑτοῦ
752 3247 875 3324 corrig.)
932 3243 1039 3321 (Diog.
1056 3263 1106 3319 αφ.
1122 3244 1179 3300 An.
1193 3240 1248 3318 αφ)
1266 3238 1438 3319 Διαιφιτικῶν
1457 3237 1482 3297 α’
1497 3238 1551 3316 (D.
1564 3242 1599 3298 L.
1614 3241 1651 3307 tt
1661 3244 1670 3317 )
1682 3255 1711 3299 et

89 3333 170 3404 δόξαν
199 3333 325 3406 τοιαύτην
350 3333 430 3394 αὐτὸν
449 3331 624 3409 ίκτιδάμινον·
645 3332 713 3404 ὅλως
738 3333 790 3414 γδρ
817 3335 876 3395 οὐδὲ
933 3330 1100 3413 Διαιριτικδν
1116 3331 1142 3391 α’
1158 3331 1211 3409 (D.
1228 3329 1263 3391 L.
1283 3329 1352 3406 62).
1368 3327 1513 3400 Primum,
1525 3340 1559 3388 ut
1579 3327 1709 3401 videtur,

88 3423 151 3505 κιρλ
165 3426 220 3483 τῶν
233 3422 359 3483 τοιοάίων
373 3422 445 3482 ἐστὶν
459 3422 533 3501 αὐτῷ
546 3421 645 3490 σκοκδς
657 3424 712 3483 isui
731 3425 875 3504 διαλιχδῆ-
929 3422 1049 3481 titulum
1080 3431 1233 3480 recensent
1247 3417 1377 3494 catalogi
1399 3415 1510 3476 arabici
1533 3415 1711 3493 (Dschema·

86 3533 143 3583 ”⁰¹2
163 3509 237 3581 πλὴν
255 3509 297 3570 ὅτι
310 3514 370 3569 καθ’
382 3507 502 3589 ἱστορίαν
513 3510 652 3624 διαφόρως
667 3511 744 3581 δοἜας
755 3516 873 3590 φυσικῶν
930 3511 993 3570 lud.
1015 3513 1065 3583 51,
1081 3508 1208 3569 Hadschi
1230 3506 1346 3580 Khalfa,
1361 3503 1399 3576 V,
1421 3505 1476 3563 136
1486 3505 1509 3581 l,
1525 3504 1624 3566 addita
1636 3504 1713 3562 divi·

86 3600 195 3680 δνδριῗνν
210 3597 352 3659 δκτίδιται.
372 3595 542 3658 Ἀτοδικτίον
568 3618 613 3656 ων
635 3600 736 3674 μάλλον
750 3598 816 3683 imp
832 3624 876 3660 τε·
930 3599 1049 3659 sionum
1078 3595 1313 3668 enumeratione,
1337 3613 1402 3672 quae
1430 3591 1485 3651 nisi
1512 3590 1593 3670 quod
1616 3591 1709 3649 multo

84 3687 213 3747 λτυταίον
240 3685 412 3764 προστίθησιν
433 3688 448 3744 ὁ
468 3682 655 3762 Ἀλέξανδρος,
679 3685 788 3766 φάσκων
816 3687 876 3767 τιτρλ
930 3686 1030 3745 ιιιίιιοι·
1038 3699 1082 3745 est
1091 3704 1191 3744 earum
1201 3700 1352 3754 numerus,
1364 3683 1435 3740 sutis
1445 3681 1521 3738 bene
1531 3697 1597 3738 cum
1609 3676 1711 3736 libello

84 3779 141 3835 τῶν
165 3770 295 3850 ἇγφάφιον
320 3771 460 3849 δογμάτων
483 3778 529 3833 τοῦ
549 3770 694 3839 Πλάτωνος
720 3772 804 3850 λάγτιν
831 3773 875 3833 τὸν
930 3773 1007 3852 apud
1023 3773 1180 3850 Diogenem
1200 3769 1348 3828 Laertium
1364 3781 1481 3828 servato
1497 3766 1643 3843 congruit.

84 3857 292 3941 Ἀριστοτέλην,
303 3856 373 3939 άτιρ
387 3859 465 3927 αὐτὸς
477 3859 663 3941 ίττγράψατο,
672 3861 719 3919 καί
731 3866 816 3920 ταῦτα
829 3885 876 3922 κα·
971 3861 1020 3919 llli
1045 3873 1140 3919 autem
1173 3856 1341 3916 collectioni
1363 3876 1429 3935 quae
1449 3854 1527 3935 apud
1550 3855 1710 3930 Diogenem

83 3954 142 4010 λιῖν
157 3945 318 4026 Διαιράσιις
338 3945 486 4013 δνδκιίνοις
499 3945 613 4006 τοάνννδ
631 3947 788 4008 Πλάτωντδ
807 3947 876 4029 μάγοι
931 3947 1082 4006 Laertinm
1096 3959 1200 4018 exstat,
1213 3945 1285 4004 satis
1306 3944 1414 4004 similis
1434 3956 1479 4003 est
1502 3941 1588 4019 liber,
1606 3943 1711 4024 Διαιρὲ·

84 4038 132 4099 καί
145 4032 247 4115 μικρὸν
259 4033 347 4094 καλτδ
363 4033 462 4113 μιταξίι
475 4032 747 4096 τοάτωνίιτοτίδιται.
930 4057 984 4101 σιις
999 4031 1191 4114 Ἀριστοτέλους
1210 4032 1389 4110 inscriptus,
1405 4032 1457 4109 qui
1486 4031 1517 4091 in
1537 4031 1639 4089 eodem
1658 4031 1711 4090 illo

128 4125 202 4184 ttaec
226 4140 297 4181 vero
311 4121 365 4182 rix
385 4120 423 4181 ab
439 4120 607 4181 Alexandro
619 4124 680 4184 dici
700 4138 872 4203 potuerunt,
930 4123 1032 4182 codice
1045 4121 1193 4181 Marciano
1209 4119 1265 4193 257
1285 4119 1403 4196 legitur,
1426 4118 1534 4198 inquo
1553 4120 1711 4179 etAristo·

85 4233 181 4292 quum
209 4213 267 4269 tria
287 4210 338 4269 illa
364 4211 508 4270 elemento
529 4210 680 4284 Platonis,
705 4212 873 4291 dequibus
930 4213 996 4272 telis
1014 4211 1081 4271 vita
1101 4230 1166 4289 quae
1184 4209 1275 4285 vulgo
1295 4206 1444 4265 Marciana
1458 4205 1622 4286 appellatur
1644 4224 1709 4265 ser·

86 4301 227 4381 loquitur
236 4299 419 4374 Aristoteles,
432 4318 519 4377 equs,
534 4299 613 4375 ignis
621 4314 651 4359 et
662 4313 741 4360 terra
751 4301 820 4373 sint,
834 4302 877 4360 its
929 4315 997 4362 nata
1008 4314 1062 4362 est.
1081 4298 1158 4358 Setis
1173 4298 1282 4357 mirum
1303 4310 1347 4355 est
1360 4295 1435 4355 illud
1450 4295 1559 4372 fugisse
1572 4293 1709 4353 Villoiso·

86 4403 119 4448 ut
131 4392 259 4449 sortasse
273 4388 313 4446 ita
327 4388 511 4447 sumendum
521 4388 572 4462 sit,
588 4389 786 4449 Abundrum
800 4389 874 4450 illud
929 4409 999 4449 num
1023 4387 1131 4447 Anecd.
1147 4407 1189 4464 gr.
1206 4400 1226 4444 t,
1247 4384 1288 4461 ll,
1312 4406 1343 4464 p.
1362 4384 1432 4456 sit,
1447 4383 1499 4462 qui
1518 4402 1608 4460 quum
1637 4383 1711 4441 msle

87 4475 297 4538 tantummodo
310 4476 441 4535 dixisse:
457 4475 509 4535 hes
520 4474 752 4556 Διαιράσιιςίιιιστ
766 4475 873 4558 άγραφα
928 4491 1043 4558 putaret
1057 4477 1109 4537 has
1121 4475 1312 4535 divisionesc
1326 4472 1420 4532 variis
1433 4470 1599 4530 Aristotelis
1610 4471 1708 4549 operi-

79 4563 213 4645 ’δόγματα
232 4565 332 4638 luisse,
356 4577 451 4624 cetera
471 4584 542 4624 nero
560 4566 657 4643 ipsum
677 4566 873 4644 Philoponum
928 4566 984 4626 bus
1001 4576 1152 4644 excerptas
1165 4581 1247 4635 esse,
1263 4574 1340 4622 recte
1357 4573 1453 4619 tamen
1468 4559 1542 4617 illud
1569 4559 1706 4617 animad-

86 4673 124 4712 ex
135 4655 198 4714 alio
211 4653 278 4711 loco
289 4653 390 4713 haustu
399 4652 558 4713 addidisse.
571 4651 694 4712 Eosdem
709 4652 874 4713 divisiones
927 4656 1019 4714 vertit
1047 4651 1180 4731 quiedam
1208 4649 1319 4724 adjectu
1346 4667 1409 4708 esse
1437 4646 1493 4724 (ci.
1519 4665 1585 4725 quae
1603 4646 1640 4704 de
1662 4666 1709 4705 sn·

89 4743 198 4803 iterum
224 4754 343 4818 tangere
367 4741 485 4802 videtur
513 4740 709 4820 philosophus
734 4741 766 4800 in
784 4742 873 4802 lllets·
928 4742 1003 4819 gelis
1027 4741 1166 4801 dicuntur
1189 4740 1227 4807 ot
1241 4741 1265 4818 ),
1292 4737 1401 4816 quibus
1425 4735 1534 4796 librum
1559 4754 1620 4794 non
1646 4753 1709 4793 esse

89 4829 176 4912 phys.
193 4828 306 4908 lv,11,
323 4852 338 4903 7
356 4852 364 4890 :
379 4829 424 4892 Τί
442 4826 491 4906 μὲν
506 4829 539 4901 δὴ
553 4825 622 4888 οὕτω
637 4827 743 4909 λέγεται
757 4830 873 4911 τράτιρα
928 4828 1096 4888 Aristotelis
1129 4827 1391 4887 demonstraretur.
1413 4824 1481 4883 Tuli
1518 4844 1590 4883 vero
1624 4842 1709 4899 argu·

88 5025 162 5077 σιίαιιι
179 5039 240 5089 quos
253 5023 317 5088 apud
329 5026 465 5088 geometras
474 5024 564 5075 diriter
579 5023 753 5089 Ιοοφίίιιιίίοαιι
767 5025 873 5086 cogitare
931 5025 1086 5089 tgeomtris
1099 5023 1189 5075 dicitur
1206 5021 1333 5087 longitudo
1348 5024 1387 5073 est
1404 5033 1493 5087 expers
1507 5020 1608 5082 αΙίοιιίοο
1624 5017 1707 5068 lstltu·

90 5112 184 5177 sosque
194 5111 338 5175 lstttudise,
355 5110 554 5177 quondoquidem
567 5124 598 5162 σι
613 5112 668 5176 his,
688 5124 745 5176 φιιιο
762 5110 875 5162 ιαανίίιιιο
929 5111 1008 5175 dtnts,
1023 5112 1066 5162 sed
1080 5111 1146 5176 quod
1159 5110 1252 5176 priests
1271 5109 1304 5161 sit
1321 5108 1386 5159 omni
1408 5107 1533 5158 latitudine
1549 5104 1634 5168 :quod
1650 5101 1706 5166 qul·

88 5206 229 5268 αφφαταιι,
247 5201 303 5253 licet
318 5214 348 5252 ss
359 5215 423 5266 uus)
441 5215 491 5253 son
505 5207 563 5252 sust
583 5201 706 5253 mittentia
729 5202 873 5266 ρατιφίσστσ.
930 5199 986 5250 dent
999 5213 1049 5251 non
1061 5198 1246 5252 dentonstrsvlt.

89 5294 183 5343 verum
196 5291 317 5342 emtsot
331 5289 432 5342 lortssss
440 5288 572 5354 ιοφδίοιίοσ
585 5302 632 5340 sos
648 5288 756 5354 δοσΙφΙι.
772 5326 780 5340 .
795 5324 804 5341 .
822 5303 875 5354 φιν

91 5382 197 5444 pontum
212 5381 296 5436 austero
308 5379 360 5428 erat
380 5377 501 5429 Aristoteli
511 5376 653 5440 οιίααιίαα,
666 5391 715 5429 τοι
734 5377 799 5442 quod
817 5392 873 5440 que
