3959 5900
642 542 646 547 .
723 482 774 541 nt:
791 480 1047 543 <utrumnum

94 637 147 695 que
158 637 211 674 sua
221 628 286 673 sunt
306 628 392 673 tustra
413 627 442 670 et
461 627 574 670 sanctus
579 616 650 690 fiat.
665 616 759 671 Mauo
767 619 870 672 etenim

95 712 186 783 mugit
210 709 333 782 graviter
345 700 412 775 sert
430 708 604 778 unusquique
624 722 676 761 suo
695 702 800 759 battare
813 709 871 778 pri-

96 807 179 864 uatus,
204 805 232 850 et
251 811 302 848 nec
321 797 347 847 si
359 792 479 846 alionum
498 791 586 847 valle
606 791 696 847 nntlta
709 791 810 864 quibus
821 792 871 846 de-

96 887 168 940 derit
185 884 306 959 propria
328 877 482 950 austrendo
503 879 621 935 libenter
632 882 775 955 suscipiet.
788 879 873 935 Nihil

96 994 164 1051 ergo
176 985 217 1028 est
223 972 352 1046 proprius
364 986 417 1024 nec
429 971 520 1023 maius
531 972 615 1024 utari
624 969 666 1023 ad
675 972 770 1023 virum
783 986 870 1042 quarn

95 1066 211 1120 societas
232 1056 404 1114 honorabilis
427 1056 581 1130 etfidelis3
596 1066 717 1131 propter
740 1074 795 1129 que
815 1074 870 1113 non

96 1151 174 1206 decet
198 1146 340 1203 bominem
360 1161 430 1199 sane
450 1146 550 1198 mentis
571 1154 602 1197 ut
616 1142 771 1215 ubicunque
783 1146 871 1199 conti·

95 1242 167 1313 gerit
179 1252 288 1312 ponere
298 1250 393 1288 semen
401 1249 481 1307 suum
499 1232 541 1286 ad
551 1231 761 1305 qualemcunque
774 1249 872 1287 acces-

94 1330 158 1383 serit
168 1326 315 1400 propriant
329 1323 476 1377 immittere
491 1337 581 1374 semen
595 1337 607 1373 .·
621 1329 717 1375 utnon
728 1319 766 1374 dc
777 1320 872 1394 illegi-

95 1419 168 1471 timis
189 1412 293 1469 vilibus
316 1421 344 1466 et
364 1413 465 1485 iniquis
486 1408 631 1485 generibus
650 1408 758 1463 similia
779 1408 871 1463 liben's

76 1537 79 1541 -
97 1505 231 1576 legitimis
236 1500 328 1574 fiunt.
338 1500 375 1554 Et
385 1499 496 1572 quidem
508 1515 581 1552 uuor
589 1495 695 1553 bonore
713 1515 763 1559 suo
775 1499 871 1570 prise·

96 1602 147 1658 tur,
162 1589 242 1664 filiis
254 1599 348 1643 autem
368 1586 544 1662 obprobrium
565 1586 749 1660 adjungatur.
764 1586 808 1639 Dc
826 1584 871 1639 Ιώ

94 1679 206 1754 quidem
214 1693 282 1752 ergo
290 1675 418 1730 omnibus
427 1674 628 1745 attendendum
640 1684 682 1729 est
691 1678 767 1731 viru.

114 1797 117 1803 .
132 1767 371 1842 Apprapinquare
383 1774 477 1819 autem
492 1763 572 1818 decet
592 1767 678 1817 acori
696 1762 828 1817 ordinate
842 1774 870 1817 et

94 1854 183 1909 multa
203 1852 342 1909 modestia
354 1861 382 1906 et
399 1851 517 1924 pudore.
532 1847 629 1905 Verba
641 1854 727 1905 etiarn
749 1860 778 1904 et
795 1868 871 1905 com·

95 1944 307 1997 mnnicctionem
331 1938 497 1995 tribuentem
515 1934 671 2012 esitando
683 1934 776 1994 verbs
798 1955 870 1994 con·

94 2026 256 2087 inustionis
269 2025 353 2101 eius)
377 2030 424 2101 qul
444 2027 513 2083 bene
531 2026 617 2081 babet
636 2044 673 2082 ac
697 2027 767 2081 liciti
781 2031 871 2100 operis

94 2129 122 2173 et
136 2117 246 2174 bonetis
260 2116 351 2170 multa
366 2117 577 2172 mansuetudine
588 2126 617 2171 et
628 2115 777 2191 fidelitate
789 2128 870 2170 uten-

94 2218 158 2264 tem.
173 2207 278 2261 Eorum
291 2216 388 2259 autem
407 2222 461 2279 que
480 2220 536 2260 non
554 2216 656 2278 sponte
675 2215 704 2260 et
722 2208 871 2279 parronrrn

1642 490 1700 549 {bb

927 622 1001 672 eninr
1026 617 1160 670 Homerus
1178 622 1219 671 stc
1243 618 1284 671 ad
1302 622 1419 674 inuicem
1432 606 1527 674 uirum
1541 631 1570 673 et
1586 639 1701 679 usonem

926 705 1033 761 babere
1046 716 1156 780 putans
1178 705 1276 760 ambos
1303 705 1373 758 bene
1392 706 1460 775 fieri
1480 708 1577 761 taliter
1594 725 1626 763 se
1644 707 1702 764 lta·

926 793 1132 852 bentes.Nemo
1150 797 1226 847 enim
1238 793 1338 867 diliget
1348 811 1471 868 unquam
1484 798 1613 869 peiorem
1627 814 1638 850 t
1650 814 1701 852 nec
1748 790 1754 801 ’

926 885 1107 937 misamrnec
1125 886 1204 936 timet
1218 886 1306 937 etiam
1329 899 1391 936 curn
1409 882 1527 956 pudore.
1548 884 1609 939 Sed
1619 883 1702 942 baias

925 970 1003 1024 rnodi
1016 973 1163 1043 passiones
1170 973 1336 1043 contingunt
1352 969 1527 1024 adinvicem
1541 972 1703 1027 melioribus

924 1068 953 1111 et
965 1069 1069 1112 natura
1082 1057 1213 1129 benignis
1226 1076 1235 1110 .·
1253 1057 1403 1112 minoribus
1422 1069 1517 1113 tumen
1533 1062 1652 1114 scientia
1663 1062 1705 1115 ad

923 1162 955 1199 se
965 1149 1096 1203 maiores.
1115 1145 1195 1198 Hunc
1211 1143 1339 1201 habiturn
1345 1139 1420 1214 fecit
1437 1145 1538 1202 Ulixes
1556 1146 1598 1199 ad
1615 1145 1703 1202 Peno·

927 1233 1018 1306 iopem
1035 1231 1142 1288 itabens
1164 1244 1193 1288 et
1216 1238 1246 1287 in
1265 1230 1397 1288 absentia
1416 1233 1461 1286 nil
1479 1233 1606 1307 deliquit.
1623 1234 1703 1308 Aga·

926 1340 1056 1377 memnon
1069 1332 1163 1376 antem
1171 1334 1289 1397 propter
1302 1320 1483 1392 Chryserdem
1497 1322 1612 1376 adeius
1629 1340 1703 1377 uso·

925 1429 984 1466 rem
995 1414 1122 1483 peccarit
1132 1414 1162 1464 in
1181 1412 1301 1466 ecclesia
1313 1410 1429 1466 dicens:
1446 1409 1599 1465 Mulierem
1612 1415 1703 1486 capti·

924 1516 994 1552 eunt
1014 1510 1042 1553 et
1061 1515 1118 1553 non
1139 1498 1241 1554 bonurn
1261 1504 1318 1555 imo
1334 1500 1399 1554 dico
1416 1498 1568 1553 barbaram
1581 1506 1609 1553 in
1626 1501 1704 1554 nullo

928 1585 1049 1658 deficere
1072 1589 1102 1639 in
1127 1587 1280 1642 virtutibus
1298 1588 1341 1641 ad
1366 1586 1611 1659 clytemnestram.
1636 1587 1702 1643 Non

925 1668 995 1727 bene
1018 1674 1131 1747 quidem
1152 1678 1238 1749 igiter
1260 1676 1361 1731 liberos
1382 1674 1491 1731 babens
1515 1691 1555 1730 ee
1575 1692 1626 1745 ea,
1652 1693 1703 1731 nec

924 1762 996 1814 iuste
1003 1761 1102 1834 anelia
1115 1762 1234 1817 muliere
1245 1780 1312 1817 usus
1323 1772 1375 1822 est.
1396 1762 1529 1834 Qualiter
1540 1766 1615 1818 enim
1628 1766 1699 1820 iuste

923 1851 971 1920 qui
989 1859 1141 1922 antequam
1158 1854 1239 1905 sciret
1255 1852 1338 1906 illurn
1351 1853 1447 1925 qualis
1456 1851 1545 1926 fieret
1560 1862 1659 1907 contra
1669 1870 1701 1907 se

922 1946 1040 2009 nuptam
1047 1955 1106 2011 per
1117 1939 1285 1994 violentiam
1298 1940 1403 1994 deecit?
1422 1940 1523 1996 Ulixes
1534 1950 1629 1995 autern
1649 1941 1701 1995 de-

920 2039 1084 2099 precantem
1104 2031 1195 2101 ipsum
1217 2028 1365 2084 Atblantis
1381 2030 1451 2103 filia
1475 2027 1642 2084 cohabitare
1662 2047 1704 2083 se·

922 2132 984 2169 cum
1000 2128 1030 2170 et
1041 2121 1249 2190 permittentem
1270 2118 1456 2173 immortalem
1467 2114 1573 2188 facere
1593 2128 1622 2172 et
1639 2117 1704 2172 bea·

924 2202 990 2259 tum'
1002 2208 1080 2259 omni
1098 2217 1227 2279 tempore,
1244 2222 1297 2261 nec
1310 2217 1342 2261 ut
1354 2206 1521 2261 immortalis
1532 2204 1620 2278 fieret
1629 2224 1700 2281 pro-

90 2306 269 2370 peccatorum
277 2292 483 2369 indulgentiam
494 2293 657 2349 tribuentem
670 2310 681 2348 t
695 2298 722 2347 si
732 2295 805 2368 quid
814 2312 871 2349 au·
921 2294 989 2348 dere
996 2297 1167 2368 presumpsit
1185 2299 1282 2351 neoris
1292 2311 1341 2349 sue
1356 2298 1513 2351 amicitiam
1523 2289 1662 2364 affectum
1675 2307 1705 2352 et

95 2396 150 2439 tem
163 2400 219 2457 per
237 2384 427 2457 ignorantium
445 2383 595 2456 deliquerit
617 2393 773 2437 monentem
790 2400 800 2438 .·
819 2402 872 2438 nec
915 2380 1009 2453 fidem
1020 2386 1178 2437 maximam
1188 2382 1245 2437 sibi
1251 2400 1361 2456 penum
1375 2382 1519 2437 arbitrans
1522 2381 1595 2455 fieri
1606 2385 1632 2436 si
1640 2400 1703 2437 mu-

93 2476 223 2527 timorem
238 2474 417 2525 incutientem
438 2474 500 2526 sine
521 2469 693 2525 uerecundia
704 2479 733 2523 et
744 2471 869 2542 pudore,
923 2469 966 2522 lus
982 2474 1107 2524 existens
1120 2473 1360 2527 immortalitatem
1363 2481 1563 2546 promereatur
1573 2468 1701 2529 babere:

95 2577 149 2615 nec
156 2560 278 2614 solistani
290 2561 416 2615 sevitiam
428 2576 517 2631 neque
529 2558 703 2614 voluntatem
712 2555 777 2630 (nec
784 2556 872 2615 etiam
923 2574 974 2610 nec
995 2561 1154 2613 etiarncum
1174 2559 1255 2615 Circe
1266 2565 1341 2614 coire
1357 2559 1495 2614 nominet
1515 2560 1571 2611 nisi
1586 2546 1707 2631 propter

95 2646 134 2709 sit
151 2644 305 2721 negligens
325 2661 378 2703 nec
392 2641 526 2722 severus)
543 2664 553 2700 :
574 2645 745 2701 imminuti
757 2646 872 2717 quidem
922 2651 1076 2701 anticorum
1089 2649 1210 2702 salutern
1222 2652 1307 2703 immo
1320 2648 1462 2721 respondit
1474 2649 1503 2701 ei
1521 2664 1532 2699 .·
1546 2646 1624 2719 quod
1629 2645 1706 2700 nibil

94 2740 168 2791 enirn
183 2738 279 2809 passio
291 2737 444 2789 meretricis
456 2735 553 2788 estad
570 2736 724 2802 amasium,
738 2752 802 2788 cum
819 2754 873 2809 pu·
923 2735 1032 2789 dulcius
1047 2741 1152 2809 patria
1162 2752 1215 2790 sua
1231 2737 1332 2791 videre
1342 2745 1441 2811 posset
1459 2737 1584 2808 quamvls
1602 2752 1707 2808 aspera

94 2825 163 2880 dore
186 2833 279 2878 autern
298 2832 327 2877 et
352 2822 524 2876 uerecundia
545 2821 686 2894 equaliter
702 2821 823 2894 diligere
844 2835 874 2878 et
924 2828 1071 2890 existente,
1095 2835 1126 2878 et
1148 2828 1238 2879 orarit
1257 2828 1351 2896 magis
1369 2823 1517 2877 mortalem
1541 2838 1656 2876 uxorem
1677 2832 1707 2876 et

93 2910 227 2968 similiter
241 2913 339 2980 timere
360 2909 448 2964 libere
467 2908 592 2965 mulieris
609 2909 650 2964 ad
660 2914 805 2985 proprium
825 2915 872 2968 vi·
916 2911 1015 2984 filium
1029 2911 1152 2967 videndo
1160 2916 1252 2967 mori:
1268 2916 1310 2966 sic
1315 2911 1441 2986 firmiter
1451 2914 1482 2965 in
1492 2926 1608 2965 ucorern
1609 2910 1704 2983 fidem

93 3018 155 3056 nan
169 3008 222 3058 est.
248 2999 362 3073 Duplex
382 3002 458 3054 enirn
481 3001 587 3053 timoris
603 3009 646 3054 est
657 3004 762 3073 species
784 3003 872 3056 :aliu

94 3085 207 3159 quidem
236 3103 299 3141 cum
322 3086 432 3159 pudore
458 3096 488 3140 et
514 3086 682 3142 verecundia
701 3082 792 3157 sactn
816 3108 872 3162 quc

94 3184 208 3229 utirnnrr
223 3175 267 3227 ad
278 3184 412 3247 parentes
422 3175 482 3245 filii
501 3174 585 3230 sobrii
601 3184 630 3229 et
645 3178 716 3228 eires
727 3167 874 3249 compositi

95 3262 137 3317 ad
148 3258 282 3333 benignos
297 3273 430 3330 rectores,
447 3265 510 3318 alia
524 3281 591 3318 uero
605 3267 713 3337 species
729 3281 792 3318 curn
814 3269 873 3320 ini·-

95 3352 208 3404 micitia
227 3361 256 3405 et
268 3350 334 3404 odio
345 3354 416 3405 sicut
434 3355 506 3407 servi
514 3353 556 3406 ad
563 3353 691 3408 dominos
703 3363 732 3406 et
743 3357 815 3408 ciues
832 3355 875 3409 ad

95 3448 228 3504 tyrannos
245 3441 394 3493 iniuriosos
407 3451 436 3495 et
452 3444 570 3514 iniquas.
583 3441 632 3496 En
650 3440 697 3496 itis
713 3444 798 3515 igitur
808 3462 872 3498 orn·

95 3527 176 3581 nibus
193 3527 305 3598 eligens
323 3527 441 3581 meliora
459 3539 490 3582 et
503 3547 619 3584 uxorem
641 3529 694 3584 sibi
710 3532 872 3586 concordem

94 3625 124 3668 et
135 3613 257 3687 fidelem
279 3624 309 3668 et
323 3618 471 3688 propriam
483 3611 589 3686 facere
604 3617 685 3672 decet
696 3629 728 3673 ut
743 3631 874 3692 presente

94 3706 158 3756 irim
169 3711 200 3755 et
212 3718 268 3756 non
284 3712 381 3756 utatur
387 3700 571 3758 nibilominus
585 3722 621 3759 ac
632 3708 657 3758 si
669 3723 785 3777 presens
799 3719 872 3763 essct

94 3800 127 3844 ut
147 3788 185 3842 cle
205 3789 396 3843 communibus
412 3802 491 3845 curet
507 3791 595 3857 rebus,
617 3803 646 3846 et
668 3797 702 3846 ut'
718 3794 812 3847 nullut
829 3799 874 3849 ui·

94 3878 198 3933 dealem
206 3893 258 3930 nec
268 3876 321 3930 sibi
333 3876 433 3932 melior
443 3896 495 3932 nec
505 3878 658 3952 pudicitior
675 3895 737 3934 esse
746 3899 798 3935 nec
808 3900 872 3936 ma-

94 3968 277 4040 gisproprius
290 3968 354 4020 viro
370 3982 430 4020 suo.
451 3966 488 4021 Et
499 3967 622 4021 ostendet
631 3969 678 4023 vir
694 3967 747 4023 bec
762 3970 873 4044 quidem

97 4057 127 4106 in
159 4055 305 4127 principio
340 4054 383 4106 ad
413 4071 559 4111 commune
590 4056 691 4112 bonum
723 4063 873 4133 respiciens

96 4157 207 4216 semper
218 4146 346 4215 quamvis
356 4147 463 4197 novitia
481 4147 521 4198 sit
536 4148 565 4198 in
585 4145 703 4214 talibus3
724 4151 789 4203 etsi
802 4153 875 4202 inci·

923 3017 1004 3054 suam
1014 3001 1166 3055 sentabat:
1182 3012 1303 3076 propter
1319 2999 1398 3075 quod
1405 3017 1549 3054 econverso
1562 3017 1635 3053 uuor
1651 2999 1706 3054 sibi

924 3089 1056 3144 similiter
1064 3084 1205 3158 faciebat.

965 3174 1138 3248 Manifestus
1157 3187 1198 3232 est
1215 3180 1301 3234 etiarn
1323 3185 1352 3232 et
1366 3187 1455 3251 poeta
1472 3181 1503 3231 in
1528 3177 1624 3233 Ulixis
1637 3197 1703 3233 ora·

924 3269 1001 3320 tione
1022 3267 1064 3320 ad
1086 3267 1254 3332 Nausicam,
1291 3266 1431 3321 honorare
1453 3269 1577 3321 mraxime
1601 3271 1707 3322 viriet

925 3359 1021 3409 uson's
1032 3373 1096 3410 cum
1109 3359 1361 3411 communicatione
1378 3354 1461 3429 (cum
1480 3352 1598 3432 nupciis
1613 3354 1704 3434 pudi-

924 3458 987 3498 cum
1000 3441 1190 3518 societatem).
1204 3444 1379 3499 Omrirenim
1394 3443 1523 3499 demsibi
1531 3444 1601 3499 ricre
1613 3448 1705 3499 vuum

924 3542 953 3586 et
966 3533 1080 3588 domum
1095 3543 1124 3588 et
1136 3531 1342 3588 humanitatem
1356 3528 1612 3609 (unanimitatem)
1622 3545 1704 3607 opta·

925 3631 983 3674 tam
997 3622 1140 3677 advirum
1154 3633 1183 3677 et
1203 3639 1260 3677 non
1275 3639 1468 3697 quamcunque
1490 3622 1543 3676 sed
1553 3632 1701 3696 optimum.

926 3707 1009 3763 Nihil
1026 3714 1102 3764 enirn
1116 3708 1170 3764 boc
1191 3714 1283 3763 maius
1300 3710 1400 3766 bonum
1416 3714 1506 3783 inquit
1528 3727 1588 3764 esse
1612 3713 1642 3763 in
1655 3709 1706 3764 lio·

926 3796 1049 3851 minibus
1068 3815 1155 3871 quant
1177 3815 1261 3871 quum
1287 3799 1437 3853 concordes
1462 3801 1493 3852 in
1513 3797 1706 3854 voluntatibus

925 3894 1000 3943 sunt.
1017 3887 1124 3940 Iterum
1149 3880 1316 3956 manifestus
1329 3897 1417 3959 poeta
1436 3885 1568 3958 estquod
1588 3901 1645 3940 non
1669 3886 1707 3941 de

927 3972 1011 4026 malis
1029 3972 1167 4047 obsequiis
1187 3976 1304 4028 inuicem
1326 3972 1503 4028 concordiam
1527 3973 1640 4046 laudat,
1655 3976 1708 4030 sed

926 4079 991 4116 eam
1007 4080 1061 4136 que
1079 4080 1142 4117 cum
1160 4062 1313 4136 prudentia
1332 4073 1361 4116 et
1384 4061 1526 4116 intellectu
1550 4066 1621 4116 iuste
1642 4081 1706 4118 con·

926 4154 1022 4205 iuncta
1033 4163 1097 4206 est:
1114 4150 1190 4226 quod
1203 4155 1277 4205 enim
1292 4151 1361 4205 dicit
1377 4150 1572 4205 volentatibus
1591 4162 1620 4206 et
1642 4168 1705 4207 con·

96 4232 159 4301 piat
175 4230 248 4283 talia
260 4234 320 4305 ipse
340 4231 394 4286 sibi
415 4236 544 4288 maxime
565 4233 733 4309 dominetur,
754 4242 874 4312 optimus
925 4240 1024 4295 cordia
1042 4241 1115 4294 illud
1131 4238 1284 4314 significat.
1302 4240 1339 4294 Et
1363 4243 1462 4294 iterum
1487 4237 1556 4294 dicit
1573 4239 1651 4313 quod
1678 4244 1707 4296 si

98 4321 170 4372 enim
185 4322 270 4373 totius
287 4322 348 4375 vite
360 4332 453 4375 rector
465 4325 581 4377 exsistet
591 4334 620 4378 et
637 4343 754 4380 uxorem
771 4328 875 4382 talibus
926 4331 1054 4384 amicitia
1073 4328 1206 4403 tab'sfiat
1222 4330 1307 4384 multe
1322 4328 1435 4404 quidem
1454 4331 1567 4384 tristicie
1583 4332 1704 4386 inimicis

100 4410 139 4460 uti
149 4406 270 4463 docebit.
294 4407 375 4465 Sicut
385 4420 414 4464 et
434 4411 571 4467 Homerus
590 4416 658 4469 ait:
673 4414 762 4470 Decet
772 4414 875 4472 babere
918 4417 998 4489 fiunt
1012 4421 1043 4471 in
1062 4423 1124 4493 ipra
1134 4420 1235 4472 amicis
1247 4435 1316 4473 vero
1330 4417 1439 4493 gaudia
1453 4417 1553 4473 multa
1572 4416 1704 4475 Maxime

99 4497 199 4556 uirum.
224 4496 292 4552 Non
311 4500 386 4553 enim
410 4516 462 4554 nec
484 4503 639 4556 amicitiam
662 4522 715 4559 nec
735 4505 874 4578 pudorem
927 4515 1020 4559 mrtem
1041 4504 1271 4561 audiebanteum
1289 4517 1318 4561 et
1334 4524 1407 4561 vera
1416 4506 1564 4565 dicentem.
1582 4503 1704 4562 Concor·

100 4583 170 4638 altas
183 4584 305 4662 (utque)
317 4590 445 4643 timorem
456 4606 634 4664 nequaquam
643 4595 703 4647 sine
712 4593 821 4666 pudore
827 4594 875 4650 lto·
925 4592 1057 4648 dantibus
1076 4598 1149 4649 enim
1162 4599 1226 4649 niro
1239 4605 1268 4649 et
1278 4613 1367 4650 uxore
1383 4597 1459 4649 circa
1471 4599 1579 4670 optima
1592 4613 1704 4651 necesse

101 4678 203 4728 noruvit
215 4674 358 4743 Homerus,
371 4677 424 4732 sed
433 4677 535 4751 ubique
547 4679 669 4755 diliqere
675 4686 800 4758 precipit
810 4701 873 4739 cum
926 4692 954 4735 et
964 4685 1070 4737 amicos
1080 4688 1204 4757 utrisque
1216 4684 1297 4739 letari
1308 4701 1317 4739 .·
1338 4683 1440 4739 deinde
1445 4680 1542 4755 sortes
1552 4687 1704 4742 existentes

101 4762 277 4820 modestiaet
296 4766 414 4839 pudore.
435 4766 546 4823 Timere
562 4779 657 4824 autem
677 4775 749 4826 sicus
762 4774 874 4829 Helena
925 4769 1060 4825 terribiles
1072 4787 1132 4825 esse
1149 4775 1277 4841 inimicis,
1293 4775 1352 4827 suis
1362 4782 1456 4826 autern
1468 4772 1572 4828 utiles:
1589 4770 1635 4829 bis
1652 4792 1704 4828 au·

101 4851 140 4902 ait
160 4855 258 4907 timere
275 4852 417 4909 Priamum
437 4858 480 4910 sic
500 4857 621 4911 dicens:
636 4857 779 4914 Verendum
791 4872 875 4935 atque
925 4869 982 4914 tem
1019 4860 1243 4915 discordantibus
1274 4872 1401 4936 oportere
1431 4865 1535 4917 amicos
1564 4862 1704 4917 discordes

103 4939 238 4995 timendus
259 4959 289 4995 es
317 4941 390 4997 mibi
415 4962 451 4998 ac
480 4946 613 5001 tenibilis
628 4945 653 5001 ¹¹o
683 4955 875 5006 amentissime
924 4965 996 5019 esse,
1018 4948 1122 5003 deinde
1141 4960 1235 5005 autern
1252 4950 1359 5005 debiles
1374 4968 1450 5021 esse,
1470 4955 1594 5007 maxime
1609 4961 1703 5005 autern

103 5038 184 5095 socer,
198 5028 243 5082 nil
257 5029 340 5085 aliud
354 5029 452 5086 dicens
464 5050 549 5107 quam
573 5038 665 5109 ἐμω»
679 5038 792 5110 quidem
811 5058 873 5094 cum
924 5040 1026 5092 sentire
1043 5036 1124 5092 buius
1147 5039 1223 5094 modi
1242 5058 1297 5098 eos.
1320 5041 1357 5094 In
1377 5038 1422 5094 bis
1444 5052 1539 5097 autem
1554 5035 1704 5109 manifeste

104 5112 197 5169 tinore
207 5126 236 5172 et
248 5116 357 5191 pedore
367 5117 489 5192 diligere
503 5138 514 5175 .·
534 5140 604 5177 nam
619 5125 747 5180 timidum
760 5126 874 5181 terribi·
922 5131 1045 5202 precipit
1062 5137 1150 5202 poeta
1178 5129 1271 5201 turpia
1293 5128 1404 5203 quidem
1431 5139 1459 5183 et
1485 5127 1626 5204 impudica
1646 5125 1705 5180 dis-

105 5195 156 5254 !em
173 5203 258 5264 dicit.
281 5205 320 5259 Et
338 5223 432 5262 notus
447 5209 547 5266 Ulixes
570 5211 613 5265 ad
631 5212 788 5267 Nausicam
805 5214 876 5269 dicit
926 5217 1046 5270 suadere
1067 5216 1222 5271 adinvicem
1242 5234 1253 5270 .·
1273 5234 1310 5270 ea
1330 5228 1498 5290 auremque
1518 5219 1600 5271 tuem
1619 5230 1706 5290 pot-‘e

104 5281 176 5350 bec:
193 5294 230 5348 Te
243 5295 347 5350 mulier
358 5298 448 5352 vaide
467 5304 699 5362 mirnrettinteo.
715 5301 879 5358 Arbitraier
928 5305 1078 5361 concordes
1103 5315 1169 5361 sunt
1191 5316 1220 5360 et
1240 5308 1313 5360 iusta
1340 5315 1406 5360 sunt
1431 5322 1493 5358 cunr
1520 5303 1708 5359 sollicitudine
