3959 5900
275 497 332 556 iit
807 486 1050 549 AlllS'lOl'ELlS
1072 488 1321 553 FRAGMENTA.

269 629 375 688 ioann.
390 623 507 703 Philop.
519 622 551 679 in
566 621 657 680 Arist.
676 618 761 678 Anal.
777 632 854 697 post.
873 619 893 680 l.
911 620 928 676 3
944 634 1041 690 recto,
1097 621 1186 681 luisse
1199 621 1384 692 Andronico,
1403 619 1598 698 Porphyrius,
1614 631 1646 677 ut
1657 617 1787 688 videtur,
1798 619 1878 696 apud

268 737 299 796 p.
317 714 383 789 195,
403 712 436 782 B,
454 714 522 784 iol.
539 707 684 788 lmpedita
698 706 791 783 magis
808 707 931 784 quaestio
945 720 990 766 est
1007 707 1043 767 de
1095 707 1279 788 Simplicium
1303 721 1422 768 testatur
1436 709 1467 766 in
1485 707 1582 781 Categ.
1600 706 1650 765 iol.
1667 728 1697 782 7,
1712 726 1744 785 p.
1764 706 1816 776 ὃν,
1838 710 1870 771 A,

268 801 382 863 duobus
392 795 552 856 Alexandri
561 793 799 874 Aphrodisiensis
809 794 882 852 loeis
894 794 925 852 in
936 793 1044 872 quibus
1098 818 1134 870 εγ
1152 816 1160 856 2
1177 795 1253 862 Tui<
1267 795 1315 873 μὲν
1332 794 1399 876 γάρ,
1412 786 1451 854 ὧν
1469 793 1513 852 καὶ
1525 792 1685 872 Ἀνδρόνικός
1706 797 1781 866 ἐστι,
1803 792 1878 872 παρά

269 889 345 950 liber
354 886 413 965 περὶ
425 882 598 963 καταφάσεως
606 883 786 955 nominatur,
796 881 828 941 in
838 883 957 941 Aristot.
967 889 1045 943 Arra·
1096 883 1144 957 τὴν
1158 883 1281 962 πρόθεσιν
1296 888 1342 941 τοῦ
1357 880 1460 961 βιάλίου
1473 882 1647 959 προσκεῖσθαί
1658 903 1736 957 φασιν
1747 880 1800 940 ὑπό
1808 902 1879 947 τινος

268 981 321 1057 lyr.
342 974 437 1055 prior.
452 972 481 1043 l,
497 972 532 1047 3,
551 992 585 1045 1,
611 971 660 1030 sol.
685 991 720 1029 ια
738 990 825 1029 verso
838 971 884 1048 (p.
905 977 978 1047 149,
1000 972 1042 1045 A,
1096 977 1182 1032 caira
1194 976 1241 1032 τοῦ
1249 970 1279 1030 τὸ
1288 973 1340 1029 τῶν
1352 972 1525 1050 Κατηγοριῶν
1534 967 1634 1046 tritior
1645 967 1704 1047 llpi
1715 971 1768 1027 τῶν
1777 967 1875 1028 Τόπων

269 1063 345 1142 3τ);
371 1060 405 1122 Ei
421 1060 471 1139 γάρ
495 1059 533 1136 μὴ
555 1059 581 1127 ἐξ
602 1058 718 1136 ἀνάγκης
739 1056 770 1117 τὸ
795 1054 874 1138 β’τῷ
900 1056 925 1117 α’
948 1057 1042 1134 μηδενὶ
1097 1060 1367 1142 όπιγράψαντος,οὗκ
1381 1061 1527 1122 ἐννοοῦντες
1541 1046 1611 1114 οὗτοι
1631 1056 1718 1128 πόσην
1734 1053 1827 1135 χρείαν
1846 1057 1877 1113 od

267 1149 396 1228 ὑπάρχει,
420 1145 488 1206 ἀλλά
509 1144 639 1226 ἐνδίχοιτό
659 1168 711 1204 τινι
732 1147 871 1225 ὑπάρχειν·
898 1141 966 1217 αὕτη
990 1142 1044 1228 γάρ
1096 1150 1251 1227 τῇΤοπικῇ
1265 1144 1435 1227 πραγματείᾳ
1449 1142 1528 1221 μόνον
1542 1141 1611 1203 itii
1623 1143 1670 1203 καί
1683 1146 1723 1223 τῷ
1740 1144 1804 1222 περί
1822 1146 1878 1202 τῶν

268 1238 397 1317 άναίρεσις
411 1232 455 1293 καί
471 1232 605 1314 ἀντίφασις
618 1229 740 1312 apiaria
753 1230 1043 1314 semiamputatis
1098 1237 1272 1316 Κατηγοριῶν
1289 1234 1360 1313 λόγῳ
1381 1233 1480 1311 εἰσάγει
1494 1232 1527 1291 τά
1541 1231 1679 1311 είρημίνα.
1697 1231 1784 1291 Unde
1798 1232 1870 1291 illud

267 1325 424 1406 ἀναγκαίαν,
433 1325 469 1391 ὡς
483 1325 556 1403 ἐντῷ
570 1321 631 1402 περὶ
642 1319 813 1402 καταφάσεως
825 1318 1044 1401 δίδεικταιλόγῳ·
1098 1322 1334 1395 adiuuarclicet,
1345 1321 1460 1380 titulum
1474 1319 1510 1380 τά
1524 1317 1576 1399 πρό
1586 1323 1638 1380 τῶν
1649 1319 1748 1380 Τόπων
1763 1319 1790 1377 α’
1799 1318 1878 1398 apud

266 1428 294 1472 et
308 1415 339 1471 in
356 1411 516 1489 llletaphys.
533 1409 593 1482 lll,
612 1430 641 1483 7,
662 1430 688 1481 1,
704 1429 735 1488 p.
749 1409 824 1481 286,
841 1410 990 1477 nilion:
1008 1405 1047 1468 At
1099 1411 1261 1487 Diogenem
1285 1409 1431 1468 laertium
1457 1407 1528 1485 (59)
1550 1421 1578 1466 et
1593 1406 1671 1485 apud
1687 1409 1877 1485 Anonymmn

267 1524 295 1559 τε
309 1498 468 1579 καταφάσιις
480 1499 525 1558 καὶ
540 1495 694 1577 ἀποφάσεις.
710 1494 824 1576 Εἴρηται
836 1495 864 1554 il
875 1495 936 1575 πιρί
945 1494 1045 1555 τεάτων
1101 1499 1188 1577 (1.9),
1202 1499 1235 1558 in
1248 1499 1362 1558 nullutn
1382 1498 1474 1556 aliurn
1488 1495 1600 1556 librum
1621 1493 1724 1553 cadere
1741 1515 1830 1572 quam
1844 1496 1876 1553 in

267 1589 313 1648 ἐπὶ
327 1587 406 1647 πλίον
421 1587 448 1647 ἶν
469 1610 497 1645 τε
521 1588 559 1664 τῷ
573 1585 634 1667 περὶ
653 1583 812 1664 Ἑρριηνιίας
832 1583 877 1644 καί
891 1585 918 1642 ίν
933 1587 971 1664 τῷ
985 1583 1046 1665 περὶ
1102 1587 1334 1665 categoriarum.
1354 1585 1450 1657 Quum
1462 1603 1534 1643 vero
1551 1584 1583 1643 in
1603 1581 1708 1642 iisdem
1726 1581 1878 1641 indicibus

268 1676 458 1757 Καταφάσεως,
473 1673 524 1733 ubi
539 1685 757 1753 tarnenpraestat
768 1673 885 1731 sortasse
895 1670 932 1731 de
947 1671 1045 1731 Theo·
1098 1677 1205 1735 iterum
1216 1675 1404 1735 nominentur
1419 1671 1587 1753 Κατηγορίαι
1600 1669 1626 1728 α’
1639 1670 1741 1748 (Diog.
1756 1669 1788 1728 1.
1808 1679 1873 1740 141,

267 1761 379 1841 phrasti
389 1761 468 1820 libro
478 1762 616 1838 cogitare,
627 1780 713 1839 quem
725 1758 963 1840 praeterindicem
974 1760 1047 1821 Dio·
1098 1764 1193 1822 Anon.
1213 1764 1298 1841 ται),
1321 1764 1452 1841 ipsorum
1467 1762 1598 1821 indicum
1614 1759 1784 1819 testimonio
1808 1779 1874 1817 con·

267 1850 350 1927 genis
373 1862 402 1908 et
420 1850 561 1908 Galenum
585 1848 622 1908 de
641 1848 742 1909 Libris
768 1848 898 1928 propriis
918 1860 940 1906 t.
959 1846 1044 1921 xix,
1100 1851 1246 1911 firmatum
1265 1852 1361 1923 uides,
1376 1851 1456 1928 quod
1472 1848 1508 1908 ab
1522 1848 1652 1926 antiquis
1666 1844 1877 1925 interpretibus

266 1958 296 2016 p.
308 1945 400 2012 tam
414 1938 566 2016 ed.Lips.:
578 1935 750 2018 Θεοφράστου
760 1934 957 2015 βιάλίονδπερὶ
966 1958 1047 1995 κατα·
1099 1938 1136 1998 de
1163 1939 1275 2018 duplici
1299 1937 1516 2016 categoriarum
1542 1938 1676 2016 exemplo
1695 1937 1728 1997 iu
1748 1938 1878 2014 antiquis

266 2022 368 2103 φάσιως
382 2024 428 2084 καὶ
448 2022 604 2104 ἀποφάσεως
616 2023 732 2106 ἔγραψε,
749 2024 855 2102 saepius
882 2023 1045 2082 citaverunt
1099 2023 1285 2086 bibliothecis
1297 2026 1422 2084 exstanti
1438 2038 1585 2084 narratur.

267 2133 333 2171 curn
351 2112 516 2171 Alexander
540 2114 620 2192 ipse,
636 2113 668 2172 in
682 2112 766 2171 Anal.
788 2133 835 2191 pr.
863 2112 914 2173 lol.
931 2112 948 2169 ὁ
965 2123 1045 2170 recto
1137 2114 1221 2185 Quod
1235 2114 1272 2173 ad
1284 2114 1507 2192 analyticorum
1521 2114 1615 2173 libros
1625 2111 1746 2184 attinet,
1762 2111 1800 2170 de
1813 2114 1875 2190 qui·

268 2202 353 2275 (rii,
369 2202 405 2273 B,
421 2202 458 2259 32
474 2202 609 2280 brand),
626 2222 661 2258 21
674 2220 760 2260 verso
772 2202 899 2279 (152,st
919 2199 973 2278 39]
989 2209 1043 2268 rai
1098 2201 1154 2260 bus
1168 2201 1278 2261 similia
1291 2200 1457 2278 traduntur,
1470 2220 1561 2260 unum
1575 2199 1650 2260 illud
1666 2197 1805 2277 adjiciam
1810 2219 1873 2275 ,sa-

267 2303 347 2348 recto
358 2290 367 2366 (
378 2290 446 2364 183,
463 2292 497 2362 B,
514 2290 558 2367 ο),
574 2290 630 2348 ιε8
646 2302 725 2349 recto
738 2290 822 2366 (184,
834 2290 871 2361 A,
886 2290 924 2347 30
933 2301 963 2347 et
977 2290 1043 2365 38),
1099 2290 1305 2349 tisverisimile
1312 2289 1408 2350 rideri
1416 2288 1496 2368 quod
1505 2288 1609 2348 llosius
1620 2286 1748 2366 conjecit
1759 2288 1801 2367 lp.
1812 2287 1871 2367 126}

266 2378 297 2436 in
310 2376 415 2455 'l‘opic
430 2398 461 2457 p.
477 2380 545 2455 130,
555 2378 587 2436 in
596 2377 758 2457 Metaphys.
771 2397 803 2455 p.
820 2397 890 2453 229,
904 2379 941 2434 26
954 2378 1043 2448 Bon,
1099 2398 1158 2436 non
1172 2376 1372 2457 τεσσαράκοντα
1393 2379 1444 2441 sed
1464 2376 1705 2459 τεσσαρεσκαίδεκα
1725 2376 1877 2456 scripsisse

265 2478 326 2524 tum
341 2464 477 2525 Boethius
501 2486 530 2546 p.
554 2466 629 2538 283,
646 2473 703 2537 ειυς
722 2467 800 2537 aiii,
821 2466 874 2537 373
892 2465 966 2536 318,
983 2483 1044 2541 ορ,
1099 2465 1195 2536 illum,
1212 2484 1229 2524 e
1249 2484 1308 2543 quo
1324 2484 1406 2524 suam
1429 2465 1466 2525 cle
1486 2463 1541 2524 hac
1561 2484 1593 2523 rc
1612 2464 1791 2543 posteriores
1801 2462 1873 2524 bau·

265 2572 365 2631 quam,
381 2553 466 2612 sicuti
480 2572 498 2611 a
510 2551 623 2611 Zellero
639 2551 745 2610 lactum
757 2565 801 2611 est
811 2552 842 2629 (l.
856 2551 879 2611 l.
895 2571 924 2630 p.
939 2549 989 2630 52)
1004 2552 1040 2612 ad
1099 2564 1199 2613 serunt
1206 2553 1349 2627 notitiam,
1360 2552 1424 2612 sive
1435 2554 1588 2627 Adrastus,
1602 2553 1676 2625 sive,
1690 2566 1723 2612 ut
1736 2551 1875 2612 libentius

265 2642 443 2720 peculiarem
459 2640 603 2719 quendam
619 2638 729 2699 librum
741 2639 908 2700 Aristotelis
927 2640 1044 2702 referre.
1100 2641 1286 2713 crediderim,
1305 2641 1491 2701 Andronicus
1504 2641 1609 2700 inerit.

386 2815 411 2876 l.
428 2815 672 2875 KATlll'OPlAl.
695 2814 930 2875 ANAAl'Tle.
1422 2808 1553 2887 (ritib).

306 2988 392 3046 Varie
415 2989 543 3048 averiis
562 2988 736 3067 inscriptum
754 2987 845 3046 tuisse
872 2985 1043 3063 categoria·
1140 2985 1309 3064 Simplicius
1321 2984 1436 3060 Proleg.
1452 2984 1484 3041 in
1498 2983 1596 3059 Categ.
1613 2983 1634 3043 l.
1654 2991 1684 3053 4,
1700 2982 1735 3053 Ζ,
1757 2982 1802 3042 ed.
1822 2982 1872 3041 lia·

266 3094 332 3132 rarn
347 3073 479 3134 libellum
495 3096 560 3134 cum
583 3095 684 3152 omnes
704 3073 769 3152 ejus
793 3075 965 3154 interpretes
979 3087 1040 3133 tra·
1098 3075 1145 3135 sil.
1162 3065 1518 3151 ιἹστοριῑδίόἎδραστος
1537 3073 1565 3131 όν
1583 3071 1621 3150 τῷ
1634 3069 1753 3151 περὶτῆς
1770 3068 1874 3140 'rana

265 3162 421 3233 diderunt,
444 3175 504 3221 tum
527 3177 555 3220 et
568 3164 627 3242 ipsi
640 3167 691 3241 qui
715 3164 747 3221 in
762 3160 914 3221 codicibus
936 3161 1042 3237 legun·
1100 3166 1152 3223 τῶν
1174 3156 1367 3241 Ἀριστοτίλουε
1386 3156 1618 3236 συγγραμμάτων,
1638 3158 1680 3219 ὅτι
1703 3157 1809 3238 φέρεται
1832 3157 1874 3218 καί

266 3265 315 3309 tur
329 3252 407 3309 tituli
427 3251 490 3329 (Cl.
504 3251 607 3311 Waita.
635 3249 788 3312 Aristotel.
812 3249 949 3326 Organon
972 3262 995 3310 t.
1014 3252 1039 3321 l,
1098 3249 1164 3309 ἄλλα
1176 3250 1229 3308 τῶν
1242 3247 1415 3327 Κατηγοριῶν
1428 3243 1530 3325 βιόλίον
1544 3248 1581 3316 ὡς
1603 3245 1816 3325 Ἄριποτίλυυς,
1830 3245 1873 3305 καὶ

264 3358 298 3417 ρ.
313 3339 363 3408 8ι,
377 3336 509 3396 Brandis.
525 3341 594 3395 uber
610 3342 659 3396 die
671 3337 858 3414 licilreusolge
870 3344 923 3396 der
932 3342 1044 3398 Briclrcr
1098 3336 1162 3397 αὐτὸ
1172 3334 1201 3396 δν
1216 3331 1303 3415 βραχὺ
1316 3331 1362 3392 καλ
1375 3330 1504 3411 σίντορον
1519 3332 1589 3393 κατά
1601 3332 1649 3407 τὴν
1663 3332 1733 3402 λάξιν
1749 3335 1795 3393 καὶ
1807 3335 1873 3393 drai-

266 3431 316 3484 der
328 3429 467 3485 Aristotel.
485 3429 647 3504 organdus,
663 3427 740 3488 Berl.
758 3427 844 3500 1833,
861 3448 890 3507 p.
906 3427 974 3500 266)
988 3428 1043 3486 de-
1098 3426 1198 3508 ρι’σεσιν
1212 3421 1312 3502 ὀλίγαις
1331 3420 1533 3503 διαφερόμενον,
1548 3420 1634 3504 ἀρχὴν
1651 3420 1679 3482 di
1701 3422 1773 3504 ἔχον·
1788 3451 1801 3475 ι
1815 3425 1875 3483 Τῶν

266 3513 487 3576 ἀπαραίτητα
506 3516 558 3574 lias
577 3535 650 3576 vero
669 3515 877 3596 inscriptiones
899 3515 1043 3593 antiquis·
1097 3510 1278 3590 ὄντωντάρόν
1289 3510 1374 3569 icco.
1384 3511 1490 3583 Πλῆθος
1499 3510 1527 3570 δὲ
1535 3509 1632 3591 στίχων
1644 3509 1876 3593 ίκατίραυτὸαῦτὸ

265 3604 470 3664 sima-videtur
486 3604 574 3663 luisse
593 3602 626 3664 sd
639 3602 698 3685 Πρὸ
711 3607 764 3662 τῶν
774 3603 885 3674 Τόπων,
902 3601 951 3662 cui
964 3602 1042 3662 inter
1099 3598 1264 3681 ἀναγράφει,
1278 3596 1347 3657 ὥστε
1361 3596 1391 3655 τὸ
1406 3596 1493 3679 βραχὺ
1510 3597 1579 3658 κατὰ
1592 3596 1639 3670 τὴν
1653 3596 1723 3668 λε’ξιν
1741 3589 1824 3674 εἶπεν,
1835 3600 1868 3664 ὣς

264 3692 492 3772 Peripateticos,
511 3692 563 3772 qui
586 3707 653 3774 post
671 3692 870 3752 Andronicum
889 3692 1041 3764 vixerunt,
1097 3685 1231 3764 συντόμως
1239 3682 1350 3746 ἕκαστον
1362 3688 1415 3744 τῶν
1429 3684 1644 3767 ἰπιχειρηράτων
1655 3686 1830 3765 ίκτιθέρινσν.

265 3781 464 3840 auctoritatem
484 3781 589 3841 addere
603 3782 700 3841 conati
714 3793 783 3841 sunt
793 3779 951 3840 llerminus
965 3779 1042 3858 (Da·
1135 3774 1224 3835 Joan.
1237 3773 1353 3854 Philop.
1367 3774 1486 3852 Proleg.
1497 3775 1529 3834 in
1540 3773 1639 3853 (integ.
1654 3795 1687 3855 p.
1701 3777 1749 3852 39,
1765 3776 1808 3849 A,
1826 3796 1872 3851 ιφ,

264 3869 315 3928 vid
329 3871 360 3929 in
381 3869 480 3946 (integ.
501 3891 531 3949 p.
557 3871 608 3946 81,
623 3870 658 3944 B,
674 3871 729 3948 αδ)
748 3882 777 3929 et
790 3869 932 3929 Adrastus
950 3867 1042 3945 (Sita-
1097 3864 1204 3925 Brand.
1226 3882 1235 3924 ε
1258 3862 1366 3925 Είδίναι
1388 3862 1415 3922 dl
1433 3865 1474 3922 dri
1495 3861 1535 3922 ότι
1558 3865 1585 3923 ir
1605 3871 1662 3931 ταῖς
1683 3867 1811 3931 παλαιαῖς
1831 3867 1868 3943 βι-

264 3958 345 4035 plin,
361 3959 393 4016 in
415 3957 513 4035 Categ.
537 3958 558 4018 l.
582 3965 613 4033 i,
629 3979 658 4038 p.
675 3958 723 4032 32,
749 3959 783 4033 B,
808 3966 865 4033 dd,
892 3957 988 4016 Anon.
1011 3956 1044 4016 in
1100 3951 1250 4025 όλιοόήκαις
1261 3956 1313 4012 τῶν
1325 3951 1372 4030 μίν
1386 3950 1560 4012 Ἀναλυτικῶν
1584 3949 1717 4032 μ’βιόλία
1732 3952 1866 4029 εὕρηνται,

264 4044 363 4122 Categ.
380 4066 411 4125 p.
428 4048 478 4122 32,
494 4046 529 4121 B,
546 4047 595 4107 36.
617 4045 664 4107 (Il.
682 4059 779 4106 tamen
792 4046 889 4107 David
907 4044 988 4104 Prol.
1012 4045 1044 4104 ia
1101 4044 1154 4101 τῶν
1180 4039 1208 4100 dl
1231 4043 1405 4123 Κατηγοριῶν
1427 4037 1484 4100 δύο.
1504 4038 1544 4100 Τὸ
1566 4040 1615 4118 plu
1639 4039 1726 4122 ἕτερον
1753 4031 1809 4120 εἶχε
1829 4038 1874 4109 ris

266 4133 365 4211 Categ.
382 4155 411 4215 p.
429 4135 478 4209 30,
503 4139 545 4213 A,
564 4134 609 4213 7).
634 4133 730 4213 lpsam
747 4154 820 4194 vero
843 4133 1041 4213 antiquiorem
1099 4128 1264 4212 άπιγραφήν,
1280 4126 1361 4195 αὔτως
1382 4129 1410 4186 δι’
1424 4151 1492 4210 φημι
1507 4124 1555 4198 τὴν
1571 4126 1667 4207 ἀρχήν·
1690 4129 1780 4187 ιΤιῗιν
1793 4125 1870 4186 ὄντων

548 4344 746 4396 “mom
1094 4308 1221 4367 vocantur,
1237 4304 1351 4369 quedam
1362 4315 1505 4367 synonyma.
1518 4322 1531 4347 ν
1547 4303 1655 4353 Altenrrn
1665 4316 1726 4353 sero
1735 4302 1799 4366 quod
1812 4314 1874 4353 nunc

1093 4397 1120 4445 in
1135 4393 1246 4444 maninus
1256 4392 1388 4454 habemus,
1399 4391 1460 4441 banc
1479 4390 1582 4441 habebat
1590 4389 1769 4455 inscriptionem
1780 4407 1790 4441 ι
1801 4410 1814 4434 ι
1827 4391 1871 4440 iio·

296 4491 382 4541 aurat
400 4489 517 4541 sanstus
533 4491 559 4541 in
574 4490 636 4542 roro
650 4488 681 4541 is
699 4489 784 4542 omine
796 4489 991 4541 mauruntum
1014 4490 1042 4540 ia
1095 4495 1209 4546 monymr
1221 4480 1343 4544 dicuntur,
1363 4491 1466 4543 aarum
1480 4491 1568 4528 nomen
1580 4477 1660 4528 rorum
1675 4480 1713 4528 at
1729 4489 1873 4538 commun,

267 4578 383 4638 brorum,
400 4577 540 4629 terrionem
555 4577 628 4627 aliurn
641 4577 820 4642 camenarum
837 4578 925 4630 libram
936 4577 971 4629 nti
988 4579 1042 4629 Ari.
1096 4569 1201 4620 delinitio
1216 4582 1274 4620 sero
1291 4567 1402 4619 assmtiae
1419 4565 1473 4616 alia.
1495 4586 1507 4609 ιι
1527 4567 1579 4616 iioc
1594 4564 1719 4630 prelatum
1740 4569 1778 4616 est
1792 4567 1874 4629 utpote

267 4665 371 4728 domis,
390 4667 415 4717 et
432 4665 514 4730 ipsum
533 4665 630 4718 brevem
645 4668 670 4718 et
681 4665 806 4718 mesum
826 4668 943 4730 diedone,
960 4668 1042 4732 paucis
1095 4658 1179 4708 ordine
1194 4659 1219 4707 et
1235 4670 1262 4707 rc
1279 4654 1432 4720 prestantius
1444 4654 1469 4704 et
1479 4653 1568 4719 ubique
1585 4653 1737 4705 Anatoleiem
1752 4657 1872 4704 auctorem

267 4753 416 4806 dillerentem
427 4753 596 4817 divisionibus,
611 4753 739 4806 bibentem
749 4755 911 4820 principium:
928 4774 941 4799 ι
952 4757 1043 4806 aarum
1096 4743 1228 4797 declarans.

267 4853 323 4904 quaa
338 4843 407 4904 sont,
420 4840 486 4891 alind
495 4841 593 4906 quidem
606 4843 644 4894 eet
653 4862 677 4893 ι.
687 4842 819 4894 nnmerum
831 4856 944 4894 remum
954 4840 1044 4892 utrius·
1128 4830 1229 4882 Duobus
1239 4830 1350 4893 inventis,
1361 4832 1388 4880 ut
1398 4829 1492 4882 dictum
1502 4829 1734 4893 est‚categoriamm
1748 4827 1869 4878 volumini·

266 4939 314 4994 qm
325 4928 429 4980 modam
444 4932 560 4984 ιεοαιεει.
1098 4920 1157 4981 bus,
1175 4932 1231 4970 eum
1247 4919 1271 4969 in
1290 4916 1391 4982 ceteris,
1411 4921 1463 4969 tum
1477 4918 1503 4969 in
1520 4916 1621 4969 exordio
1637 4915 1816 4977 consimilius,
1836 4916 1871 4966 est

298 5016 365 5070 seire
374 5019 469 5083 oportet
478 5017 505 5069 in
519 5017 623 5083 satique
635 5018 784 5071 murm
797 5018 974 5083 ,ςῃςιρςῑωωςῃ
983 5031 1043 5081 φη.
1097 5008 1160 5060 mico
1171 5008 1269 5059 alienas
1282 5006 1375 5058 inuam
1385 5025 1392 5058 ι
1403 5026 1417 5052 r
1430 5009 1584 5070 anumque
1595 5007 1652 5057 sunt
1663 5004 1774 5070 quedam
1788 5005 1870 5056 bomo·

267 5105 377 5172 «imputa
398 5104 520 5157 volumina
542 5106 675 5169 υκευῑίεεε,
701 5105 880 5171 οειεςοεάειυτιι
902 5118 961 5155 vero
984 5103 1042 5155 dno.
1098 5109 1170 5161 ayma
1184 5097 1253 5158 sunt,
1268 5092 1637 5161 quadamsynonyma»,quod
1650 5105 1784 5144 consonum
1799 5091 1875 5143 terme

268 5198 377 5254 Quorum
394 5195 495 5247 alterurn
515 5193 577 5245 banc
594 5193 785 5257 mscdptionem,
799 5206 841 5243 seo
856 5193 937 5257 potius
950 5193 1042 5244 tnrfinm
1098 5188 1136 5237 est
1145 5198 1202 5235 cum
1212 5183 1314 5248 hujusce
1329 5181 1384 5234 iibri
1397 5182 1527 5247 principio,
1540 5181 1579 5232 hic
1595 5193 1668 5232 serus
1680 5179 1808 5244 justusque
1819 5179 1871 5244 pbi-

269 5297 319 5347 prae
331 5296 358 5335 se
369 5283 478 5336 terebat:
492 5302 505 5331 ε
519 5285 608 5334 tionum
622 5293 677 5346 qua
690 5285 759 5344 sant,
772 5280 884 5346 quedam
897 5281 1043 5347 lmruonyma
1098 5272 1192 5337 losoplri
1205 5271 1323 5333 judicatus
1335 5273 1373 5321 est
1383 5269 1445 5323 liber
1455 5270 1487 5321 ab
1497 5268 1666 5334 interpretibus
1680 5266 1801 5318 omnibns.
