3959 5900
678 413 680 417 ’
771 448 924 511 manaa
947 450 1096 512 toarci.

133 580 318 641 Aristotelem
335 600 476 658 nusquam
491 580 634 658 legantur,
649 595 682 640 ut
705 584 845 661 pleraque
862 582 903 640 si-

133 670 216 730 milia
230 668 307 747 apud
321 668 437 727 Suidam
452 682 598 748 excerpta,
610 670 723 747 antiqui
739 671 837 750 potius
851 689 901 728 cu·

130 757 248 837 jusdam
273 758 507 817 commentatoris
529 760 619 816 rerba
646 770 730 829 sunt,
757 758 906 817 manifeste

132 845 267 906 diversos
292 845 359 903 facit
380 844 609 903 Methodicorum
634 844 728 905 libros
762 846 906 922 Diogenes

133 931 282 1004 Laertius,
302 930 337 1004 V,
354 952 415 1008 29:
435 931 504 1010 Πρὸς
524 930 572 1006 μίν
584 921 628 990 oda
648 931 696 1003 τὴν
712 932 812 1012 εὕρεσιν
827 932 861 991 τιί
878 956 906 992 τε

132 1019 240 1082 Τοπικὰ
254 1020 297 1077 καί
319 1017 453 1078 Μεθοδικὰ
467 1019 604 1098 παρέδωκε
625 1020 776 1099 προτάσεων
795 1021 905 1095 πλῆθος,

133 1105 161 1173 l}
176 1097 212 1165 ῶν
229 1106 293 1184 πρὸς
312 1106 346 1164 alr
361 1105 540 1185 προὸλήματα
554 1110 670 1165 πιθανῶν
693 1109 906 1188 ίπιχιιρημιίτων

132 1184 185 1252 οἷόν
208 1215 237 1251 τε
261 1194 389 1272 εὐπορεῖν·
400 1192 465 1273 πρὸς
486 1194 512 1251 dl
533 1192 580 1265 sals
597 1194 682 1274 κρίσιν
700 1194 735 1254 ιθ
752 1194 906 1255 Ἀναλυτικὰ

132 1281 247 1363 πρότερα
261 1280 305 1340 καί
321 1280 417 1363 θστερα
434 1281 550 1359 (eadem
568 1282 695 1362 Hesych.
707 1283 832 1343 illustris
845 1305 875 1362 p.
888 1285 905 1342 6

131 1367 261 1449 Orelli).
275 1368 348 1429 (ium
372 1369 420 1429 his
439 1371 603 1429 consentire
621 1371 739 1429 ridetur
757 1372 821 1449 ipse
843 1373 907 1430 Ari·

134 1458 261 1529 stoteles,
274 1458 306 1516 in
318 1458 402 1536 cujus
415 1457 533 1518 Rhetor.
546 1460 568 1528 i,
583 1479 613 1529 a,
628 1478 658 1536 9,
673 1458 734 1517 haec
747 1460 883 1534 leguntur
896 1482 903 1516 :

131 1542 181 1608 Τίς
195 1545 217 1601 δ’
230 1544 286 1603 ἐστὶ
302 1544 413 1625 δεσρορθ
426 1544 638 1625 παραδείγματος
649 1545 695 1605 καί
709 1546 904 1623 ἐνθυμήματος,

131 1631 241 1711 φανερὸν
255 1635 350 1692 ἐκτῶν
370 1637 506 1692 Τοπικῶν·
520 1635 574 1691 tasi
589 1633 640 1713 γὰρ
654 1633 715 1713 περὶ
729 1635 905 1711 συλλογισμοῦ

131 1722 176 1778 καὶ
186 1723 325 1799 ἐπαγωγῆς
336 1720 439 1800 είρηταε
447 1721 584 1801 πρότερον,
596 1719 636 1780 δτι
647 1722 678 1781 τί
691 1722 739 1799 μὲν
751 1720 782 1780 τὸ
790 1722 833 1783 ίπὶ
845 1724 904 1782 πολ·

130 1810 183 1867 λῶν
195 1809 238 1868 καί
253 1808 349 1885 δμοίων
363 1808 510 1868 δείκνυσθαι
530 1808 569 1868 δτι
584 1809 665 1877 odam<
688 1809 760 1890 ἔχει,
784 1810 839 1869 ἐκεῖ
857 1808 903 1884 μὲν

130 1896 257 1977 ίπαγωγιί
274 1898 344 1956 ίστιν
363 1900 473 1957 ίνταῶθα
490 1896 518 1955 dl
533 1897 722 1976 παράδειγμα,
737 1896 767 1955 τὸ
782 1896 809 1955 di
826 1899 902 1954 τινῶν

129 1983 211 2043 ὄντων
224 1984 312 2066 ίτιρίν
325 2008 352 2042 τι
364 1983 406 2043 διδ
419 1987 505 2042 ταῦτα
518 1983 670 2061 mposisse
685 1984 760 2062 παρδ
773 1989 905 2065 ταῦτατῷ

130 2080 214 2133 ταῦτα
230 2065 311 2149 εἶναι,
330 2070 473 2144 ἢκαθολου
495 2071 560 2143 ἢὼς
574 2072 618 2131 tut
630 2073 661 2132 τδ
681 2071 767 2145 πολύ,
787 2075 841 2132 daei
856 2073 904 2149 μίν

130 2162 301 2238 συλλογισμὸς
313 2163 422 2220 inante
437 2159 464 2219 δί
484 2160 623 2237 ἐνθύμημα
636 2162 770 2222 καλεῖται.
781 2160 904 2241 Φανερδν

130 2251 153 2307 δ’
164 2249 204 2308 δτι
215 2250 260 2308 καί
269 2250 391 2330 ίκιίτερσν
405 2247 461 2327 ίχιι
471 2249 568 2324 ἀγαθὸν
580 2249 609 2307 τὸ
623 2237 689 2315 εἶδος
701 2252 748 2320 τῆς
755 2251 904 2328 ῥητορικῆς·

131 2340 249 2418 καθάπερ
263 2338 314 2417 γὰρ
335 2338 380 2396 καί
400 2341 426 2397 ίν
439 2345 493 2403 τοῖς
513 2339 665 2405 Μιθοδικοῑς
679 2336 781 2416 είρηται
790 2381 799 2413 ,
815 2336 861 2395 καί
876 2339 903 2395 is

128 2424 228 2492 τοίτοις
237 2426 333 2501 δμοίως
343 2425 412 2505 ίχει·
424 2424 476 2483 εἶσί
487 2422 538 2503 γθρ
545 2426 571 2482 εί
581 2423 628 2501 μὲν
642 2425 904 2505 παραδειγματῶδεις

131 2518 275 2594 paropsiae,
286 2512 348 2573 atti
361 2514 581 2590 ίνθυμηματικαί.
593 2514 654 2571 Ηυσ
666 2514 732 2571 loco
743 2512 904 2571 Rhetoricae

128 2624 200 2664 usus
211 2617 255 2664 est
267 2603 427 2681 Dionysius
450 2602 713 2661 Halicarnassensis
732 2602 763 2658 in
775 2599 904 2678 Epistola

129 2693 166 2751 ad
180 2697 354 2763 Ammaeum,
369 2712 395 2751 c.
412 2713 441 2763 7,
459 2704 491 2748 ut
511 2691 722 2749 demonstraret
739 2688 800 2765 jam
820 2690 902 2749 virili

128 2777 591 2853 aetateluisseAristotelemquum
601 2774 902 2835 Rhetoricamscribe·

129 2880 185 2939 ret,
194 2867 304 2944 quippe
318 2866 369 2943 qui
378 2863 440 2942 jam
452 2864 579 2925 antelios
587 2861 680 2923 libros
689 2863 828 2923 edidisset
842 2862 904 2931 ιτθς

128 2957 272 3036 κρατίστας
282 2953 422 3022 συντάξεις.
433 2954 539 3013 Vellem
548 2967 643 3012 autem
654 2953 815 3012 accuratius
826 2952 904 3011 indi-

129 3057 221 3106 cesset
228 3044 394 3122 qualesnam
411 3042 504 3102 libros
518 3044 558 3100 ita
565 3040 763 3119 appellaverit.
776 3039 817 3097 iix
833 3037 898 3116 ejus

129 3133 206 3191 enim
218 3134 352 3211 verbisp.
371 3134 427 3204 73⁰
437 3131 552 3190 lleisk.:
570 3125 638 3205 Περί
646 3123 902 3205 τεπαραδειγμαίτων

130 3220 184 3296 (καί
191 3220 379 3296 ίνθυμημίτων
389 3219 477 3296 adjic.
485 3236 548 3277 esse
557 3214 632 3292 conj.
640 3215 775 3293 Spengel.
782 3216 902 3289 Spectm-

128 3328 228 3368 comm.
243 3313 273 3364 in
290 3314 378 3365 Arist.
393 3309 488 3377 Rhea,
510 3303 669 3374 Monachii,
694 3303 781 3377 1839,
793 3321 825 3378 p.
843 3300 900 3379 ορ)

128 3393 303 3474 προελόμενος
317 3395 403 3473 λε’γειν
419 3392 459 3451 ὅτι
469 3391 517 3463 vlu
532 3390 614 3463 αὐτὴν
635 3391 709 3448 ταῦτ’
722 3389 777 3469 ἔχει
789 3387 902 3466 δύναμιν

129 3491 185 3550 ταῖς
195 3485 342 3559 ἐπαγωγαῖς
354 3481 399 3541 καί
410 3484 464 3545 τοῖς
476 3480 673 3558 συλλογισμοῖς,
689 3482 772 3536 ταῦτα
786 3477 846 3557 περί
856 3479 903 3547 τῆς

128 3571 287 3638 ἀναλυτικῆς
306 3568 398 3648 (apud
417 3567 601 3625 Aristotelem
627 3565 715 3643 paulo
730 3584 818 3643 supra
837 3564 857 3626 1.
882 3565 901 3623 l.

130 3654 287 3715 Ἀναλυτικὰ
303 3654 447 3731 citantur]
459 3652 504 3711 καί
519 3654 656 3728 μεθοδικῆς
665 3651 849 3729 πραγματείας
860 3650 899 3709 τί·

129 3750 205 3817 iras,
221 3741 295 3800 illud
309 3741 426 3819 quidem
440 3741 509 3817 jure
532 3740 663 3816 colliges,
680 3758 746 3798 eum
761 3738 901 3813 patelaria

126 3828 315 3909 πραγματείαν
336 3848 353 3886 a
375 3828 552 3907 Topicornnr
570 3827 656 3886 tibris
678 3845 737 3883 non
756 3825 900 3884 diversam

128 3919 244 3990 iecisse,
267 3915 304 3975 de
318 3936 406 3976 causa
417 3936 488 3975 vero
499 3915 603 3992 cunita
619 3914 717 3973 lecerit
731 3913 804 3972 nihil
824 3934 903 3973 com-

128 4006 273 4083 perimus.
290 4006 398 4065 Verum
414 4005 532 4063 sacrem
548 4022 605 4060 non
626 4003 711 4062 aliter
728 4021 759 4061 se
776 4002 899 4078 habere,

129 4094 171 4153 ita
185 4106 228 4165 ut,
245 4093 324 4171 quod
348 4094 502 4171 plerosque
517 4090 643 4167 probare
671 4090 768 4161 video,
791 4090 816 4147 T
818 4093 902 4169 opica

130 4179 219 4238 semel
240 4179 472 4239 Methodicorum
493 4179 612 4236 nomine
632 4178 838 4256 aphilosopho
852 4199 902 4257 ap

130 4269 232 4347 pellaci
250 4270 398 4345 potuerint
409 4269 458 4344 iri,
472 4267 572 4326 eodem
585 4267 740 4344 modoque
755 4266 825 4325 alibi
840 4268 902 4328 sire

131 4356 283 4416 dialectica
296 4355 393 4432 (linet.
410 4355 453 4425 ii,
467 4377 515 4432 aa,
530 4365 562 4426 rt
579 4368 607 4413 et
616 4376 640 4413 c.
654 4354 820 4430 at,1)sive
837 4353 900 4413 Eri·

157 4529 185 4581 (ι)
199 4528 231 4571 iic
244 4528 292 4572 toto
306 4526 351 4572 lrcc
365 4529 416 4573 loco
426 4527 553 4571 Rhetorica
565 4537 638 4581 quam
646 4487 749 4571 tn'ailam
764 4524 900 4570 sententiam

129 4589 223 4635 anobis
235 4588 379 4643 disputatum
395 4592 454 4634 esset
463 4590 487 4634 in
501 4588 572 4633 libro:
590 4588 635 4631 use
641 4587 775 4630 οετίονεεεεπ
784 4586 900 4641 Sctn'stea

129 4655 170 4696 ries
185 4652 334 4707 Aristoteles,
350 4654 426 4709 [κίοι.
448 4658 511 4704 root.
529 4662 554 4707 p.
569 4655 609 4701 θι.
621 4649 709 4694 scillcet
721 4648 863 4701 Toplcornm
879 4652 902 4694 et

130 4713 317 4760 netnooteornn
340 4716 480 4760 mentionem
508 4713 674 4768 interpolatori
698 4712 791 4755 σιτίοισι
813 4711 899 4766 deberi,

130 4777 250 4830 nunciam
269 4775 366 4821 meliora
383 4777 478 4822 edoctus
495 4786 547 4820 suro
558 4772 700 4829 argumentis
717 4772 804 4828 quibas
822 4776 900 4818 nostra

129 4839 263 4892 conlectura
272 4837 406 4893 impugnata
418 4840 452 4884 est
461 4848 475 4882 a
485 4837 542 4882 siris
557 4835 728 4881 humanissimis
737 4837 760 4879 et
769 4833 798 4879 de
812 4836 900 4880 Aristo-

131 4898 182 4944 telia
191 4899 379 4952 interpretatione
388 4898 553 4951 uaticinia,
561 4898 588 4943 C.
599 4895 699 4951 Thurot,
709 4896 785 4939 iieoae
793 4896 899 4951 critique.

132 4958 198 5004 rans
212 4959 273 5010 toas.
284 4960 303 5004 t.
315 4960 345 5015 ii,
356 4971 380 5016 p.
395 4965 432 5006 Ινι
449 4970 492 5015 νος
502 4958 615 5010 θουιιείο,
625 4956 900 5011 ἰείιεοθτίίῌῦνσειενν.

132 5019 219 5074 Grata.
232 5023 291 5069 Ιθθθ,
301 5031 322 5074 ta
336 5023 385 5075 77⁴,
393 5020 515 5073 Vahlenlo,
529 5019 616 5063 Aleia.
629 5017 744 5069 Muscam,
756 5021 816 5068 rest,
827 5027 850 5072 p.
864 5021 898 5061 iot

130 5088 183 5135 sqq.
198 5077 228 5124 ei.
241 5082 352 5138 meteres
364 5081 463 5138 sauppe,
482 5079 607 5135 υθοινυεθοι
617 5076 668 5121 arrd
683 5078 829 5131 Aristoteles,
844 5078 900 5122 Got-

130 5141 187 5196 aaa
212 5144 273 5186 rtet.
299 5142 378 5201 Restat
397 5145 474 5189 umen
495 5140 611 5188 dubitatio
633 5139 761 5195 aliquado
789 5138 901 5183 vocabulo

131 5201 252 5318 μιιθοιθικά,
269 5205 332 5258 quod
343 5216 380 5251 ms
389 5214 504 5261 nosquam
519 5201 581 5259 apud
595 5201 741 5248 aristotelem
759 5200 841 5256 legisse
853 5211 896 5245 mo>

131 5284 155 5318 n
165 5284 180 5318 a
192 5304 199 5317 .

1673 458 1729 517 itt

958 584 1029 641 stica
1043 583 1136 659 (illici.
1153 585 1192 655 ΙΙ,
1209 593 1258 653 ai,
1274 587 1322 661 ro)
1338 584 1481 665 appellata
1491 603 1554 645 ease
1566 584 1681 662 volunt,
1693 588 1730 646 ab

960 670 1006 728 his
1027 670 1199 729 lllethodicis
1218 673 1280 748 jam
1300 673 1511 751 aliaquaedam
1539 672 1730 733 discernenda

959 771 1126 837 eruntque
1135 758 1245 819 scilicet
1260 760 1347 819 simul
1358 781 1423 820 cum
1433 760 1553 839 Topicis
1567 761 1644 839 apud
1659 761 1730 820 Dio·

959 863 1060 921 genem
1076 846 1223 906 Laertium
1246 850 1394 907 nominata
1411 868 1474 908 esse
1496 847 1646 920 vidimus,
1668 850 1730 909 sire

960 952 1025 1010 quae
1038 933 1210 1013 Simplicius
1226 937 1320 997 novit.
1336 935 1449 995 Etenim
1468 937 1495 994 si
1512 935 1583 995 fides
1597 934 1731 995 habenda

959 1034 1003 1080 est
1026 1022 1196 1101 Simplicio,
1215 1024 1279 1083 sive
1301 1025 1399 1101 potius
1428 1024 1587 1102 antiquiori
1615 1024 1729 1083 cuidam

960 1109 1113 1188 interpreti
1133 1131 1217 1189 quem
1239 1124 1354 1171 secutus
1365 1125 1407 1171 est
1420 1113 1428 1188 (
1439 1111 1475 1170 cs.
1491 1131 1579 1190 supra
1594 1112 1630 1171 ir.
1647 1114 1728 1188 139),

959 1195 1123 1257 lllethodica
1141 1198 1177 1257 de
1192 1198 1300 1276 quibus
1321 1200 1416 1275 agitur
1430 1199 1507 1257 inter
1522 1199 1730 1276 hypomnema-

960 1284 1017 1343 tica
1039 1286 1148 1364 scripta
1165 1286 1339 1345 recensenda
1355 1299 1448 1344 erant.
1466 1285 1536 1355 Quae
1552 1304 1728 1364 veroquam

959 1385 1065 1444 essent,
1081 1386 1112 1431 ut
1128 1372 1256 1450 ejusdem
1270 1373 1414 1451 Simplicii
1429 1373 1527 1431 verbis
1543 1386 1618 1443 utar,
1632 1373 1662 1431 in
1674 1377 1728 1433 Ca·

959 1473 1017 1536 teg.
1033 1482 1064 1539 p.
1081 1470 1130 1533 al„
1146 1463 1183 1535 A,
1197 1462 1253 1529 θῦε
1268 1460 1316 1518 ὅσα
1331 1460 1395 1539 πρὸς
1407 1460 1554 1536 ὑπόμνησιν
1571 1459 1670 1519 οἰκείαν
1684 1464 1729 1520 καί

958 1548 1067 1606 πλείονα
1084 1550 1198 1627 βάσανον
1220 1548 1357 1616 συνέταξεν
1370 1552 1384 1608 θ
1396 1549 1548 1629 φιλόσοφος,
1568 1548 1729 1628 inscriptis

958 1635 996 1693 ab
1011 1636 1077 1714 ipso
1093 1637 1246 1695 Aristotele
1258 1637 1344 1695 editis
1356 1655 1449 1714 neque
1467 1636 1612 1695 nominari
1629 1651 1729 1715 potue·

959 1736 1027 1781 runt
1040 1744 1134 1802 neque
1148 1744 1273 1803 unquam
1292 1725 1442 1783 nominata
1452 1737 1527 1783 sunt.

1000 1812 1096 1873 Restat
1114 1826 1146 1872 ut
1166 1814 1202 1872 de
1217 1813 1446 1872 lllethodioorum
1467 1813 1613 1871 mentione
1635 1813 1665 1871 in
1680 1814 1728 1872 in-

959 1898 1075 1959 dicibus
1091 1902 1164 1960 sacta
1182 1902 1340 1961 videamus.
1356 1901 1390 1959 ln
1402 1902 1542 1977 Diogenis
1558 1900 1666 1959 Laertii
1686 1915 1728 1960 ta·

959 1984 1028 2044 bula
1037 1989 1162 2064 primurn
1176 1988 1310 2048 Μεθοδικὰ
1322 1990 1346 2047 α’
1360 1985 1384 2068 β’
1398 1987 1422 2065 γ’
1434 1988 1457 2047 δ’
1470 1988 1490 2046 ε’
1504 1988 1530 2054 ς’
1545 1988 1566 2057 C
1578 1991 1729 2048 nominan-

959 2086 1007 2131 tur
1029 2074 1101 2152 (5al,
1129 2076 1205 2133 inter
1236 2076 1345 2153 scripta
1375 2076 1479 2152 logica,
1503 2074 1626 2146 deinde,
1651 2076 1728 2135 inter

958 2160 1104 2220 rhetorica
1120 2165 1178 2239 (δι)
1204 2162 1350 2223 Μεθοδικὸν
1373 2163 1411 2224 α’.
1433 2164 1545 2221 Horum
1574 2163 1726 2222 titulorum

957 2249 1087 2324 priorem
1125 2251 1323 2308 tantummodo
1364 2250 1520 2328 exscripsit
1555 2252 1725 2326 Anonymus

958 2334 1028 2414 (io),
1044 2338 1153 2397 omisso
1164 2357 1233 2396 rero
1244 2337 1388 2398 librorum
1404 2358 1533 2397 numero.
1548 2336 1726 2416 Topicornrn

957 2424 1038 2483 nulla
1052 2425 1159 2483 mentio
1171 2425 1202 2483 in
1217 2424 1365 2484 indicibus
1380 2426 1541 2502 reperitur,
1561 2446 1727 2503 quanquam

955 2509 1037 2593 Ὅροι
1056 2511 1108 2592 πρὸ
1132 2514 1184 2570 τῶν
1202 2514 1315 2570 τοπικῶν
1345 2512 1370 2569 α’
1387 2508 1412 2590 β’
1425 2512 1450 2591 γ’
1469 2512 1491 2570 δ’
1512 2510 1534 2570 s‘
1549 2512 1573 2582 ς’
1588 2512 1610 2581 ζ’
1624 2512 1728 2592 (Diog.

956 2600 991 2662 L.
1010 2600 1072 2679 55),
1085 2599 1128 2660 Τθ
1142 2598 1194 2680 πρὸ
1208 2603 1260 2659 τῶν
1268 2600 1355 2658 τόπων
1372 2600 1425 2678 lib.
1440 2599 1507 2678 59),
1522 2603 1651 2661 Τοπικῶν
1664 2602 1728 2683 πρδς

956 2688 1016 2755 τοὺς
1028 2687 1102 2768 δρους
1111 2687 1168 2766 (ib.
1184 2690 1232 2764 60)
1248 2703 1461 2748 recenseantur.
1479 2689 1525 2747 Ad
1538 2689 1600 2748 haec
1614 2691 1728 2766 igitura

956 2777 1105 2856 plerisque
1120 2776 1227 2836 relatus
1236 2789 1279 2834 est
1292 2775 1524 2835 lllethodicornm
1537 2777 1648 2839 titulus.
1669 2777 1726 2836 Ne-

956 2885 1014 2942 que
1032 2884 1116 2937 sane,
1145 2864 1250 2936 fateor,
1275 2884 1292 2922 a
1315 2864 1365 2923 tali
1392 2863 1560 2941 conjectura
1589 2864 1728 2926 abhorret

956 2954 1053 3031 ipsum
1069 2953 1247 3032 Topicorum
1269 2953 1384 3011 initium
1415 2948 1471 3012 :ii
1487 2951 1534 3027 μὲν
1548 2953 1669 3031 πρόθεσις
1682 2958 1729 3025 τῆς

956 3041 1139 3119 πραγματείας
1153 3039 1260 3117 μέθοδον
1275 3039 1369 3116 εὑρεῖν.
1378 3041 1414 3097 At
1429 3040 1526 3098 minus
1541 3040 1617 3098 lavet
1631 3041 1725 3101 libro·

957 3150 1021 3188 rum
1037 3148 1188 3200 numerus,
1205 3128 1294 3204 idque
1306 3129 1467 3204 prasertim
1480 3146 1570 3205 quum
1582 3140 1611 3186 et
1624 3130 1676 3207 qui
1691 3128 1727 3188 de

958 3217 1136 3295 Sophisticis
1150 3215 1278 3274 elenchis
1300 3216 1388 3291 vulgo
1409 3216 1567 3293 inscriptus
1579 3229 1622 3275 est
1639 3216 1724 3288 liber,

957 3304 1077 3383 Topicis
1101 3302 1333 3363 adnumerandus
1347 3305 1386 3362 sit
1406 3304 1462 3382 (ci.
1485 3303 1588 3362 Waita.
1611 3306 1642 3362 in
1660 3306 1726 3363 Ari·

956 3405 1022 3453 stot.
1044 3397 1150 3469 Organ.
1167 3405 1190 3450 t.
1206 3391 1245 3468 ll,
1259 3412 1289 3471 p.
1312 3392 1370 3452 528
1391 3392 1458 3470 sql,
1473 3392 1609 3469 aquibus
1627 3394 1726 3451 saltem

956 3480 993 3538 ab
1013 3481 1077 3558 ipso
1100 3481 1256 3540 Aristotele
1279 3500 1338 3538 non
1354 3494 1512 3557 separatur.
1536 3478 1593 3537 Sed
1614 3479 1674 3555 jam
1695 3483 1726 3538 in

956 3568 1003 3627 liis
1028 3569 1243 3627 subsistendum
1268 3586 1331 3626 esse
1357 3581 1439 3644 puto.
1469 3566 1513 3624 Ad
1538 3567 1726 3644 quaestionem

959 3657 1037 3714 enim
1056 3655 1142 3714 delati
1157 3674 1258 3714 suiuus
1273 3655 1309 3713 de
1329 3672 1387 3731 qua
1401 3653 1516 3712 facilius
1526 3665 1570 3711 est
1583 3652 1725 3712 hariolari

956 3762 1043 3818 quam
1064 3744 1134 3801 satis
1148 3743 1220 3800 certi
1235 3740 1348 3818 aliquid
1372 3742 1518 3817 prolerre,
1534 3741 1644 3818 quippe
1658 3741 1728 3818 quia

955 3830 1117 3888 arctissime
1131 3829 1274 3888 cohaereat
1287 3847 1353 3887 cum
1365 3828 1403 3886 iis
1415 3847 1478 3905 qaae
1493 3846 1558 3885 cum
1573 3825 1611 3886 de
1626 3828 1726 3885 condi·

956 3920 1036 3976 tione
1061 3917 1299 3976 Aristoteleorum
1328 3913 1472 3972 librorum
1504 3926 1620 3972 narrata
1641 3928 1725 3988 sunt,

955 4018 1015 4065 tum
1030 4005 1177 4065 decorum
1195 4005 1323 4062 editione
1338 4000 1375 4060 ab
1390 4001 1561 4072 Andronico
1575 4000 1656 4060 iacta.
1784 4073 1787 4079 .

994 4093 1116 4152 Praestat
1136 4092 1227 4169 igitur
1242 4092 1300 4152 huc
1319 4089 1428 4148 reverti
1449 4087 1526 4148 unde
1540 4101 1627 4148 totam
1651 4088 1726 4150 hanc

954 4179 1181 4258 disputationem
1196 4179 1258 4239 orsi
1280 4197 1391 4238 sumus.
1412 4174 1477 4234 Non
1497 4177 1580 4234 enim
1597 4175 1725 4236 alienum

955 4282 999 4329 est
1012 4268 1049 4327 ab
1065 4268 1119 4327 hoc
1133 4268 1199 4327 loco
1212 4281 1245 4326 ut
1259 4267 1295 4326 de
1306 4267 1379 4345 ipsis
1390 4265 1512 4342 Topicis
1531 4282 1624 4342 pauca
1637 4264 1726 4324 adda-

955 4376 1030 4416 mus.
1047 4357 1089 4415 lle
1100 4356 1158 4427 his,
1180 4355 1206 4415 si
1220 4354 1300 4433 quod
1314 4354 1350 4413 de
1366 4352 1528 4430 Analyticis
1542 4365 1571 4410 et
1586 4350 1622 4410 de
1636 4352 1725 4413 Cate-

955 4446 1047 4521 goriis
1078 4444 1213 4515 traditur,
1238 4463 1339 4502 eorum
1368 4442 1499 4502 diversas
1531 4441 1725 4517 recensiones,

954 4533 1123 4593 Aristotelis
1146 4533 1265 4590 nomine
1288 4530 1459 4607 inscriptas,
1478 4529 1509 4586 in
1530 4528 1658 4606 antiquis
1680 4531 1724 4588 bi·

953 4621 1109 4681 bliothecis
1118 4620 1272 4690 exstitisse,
1284 4619 1455 4687 traderetur,
1470 4616 1526 4674 hoc
1539 4616 1622 4675 nullo
1639 4617 1724 4676 modo

954 4710 1086 4780 mirarer,
1100 4712 1189 4765 imino
1204 4708 1304 4784 potius
1323 4708 1415 4765 miror
1428 4703 1508 4783 quud
1530 4724 1590 4762 non
1618 4704 1723 4763 lactum

953 4809 1007 4855 est.
1018 4797 1055 4854 At
1064 4796 1143 4854 fuere
1153 4794 1342 4872 nonnulliqui
1352 4792 1502 4869 etlongius
1513 4790 1722 4871 progrederen-

954 4896 1009 4942 tur.
1019 4884 1097 4941 lnter
1110 4901 1184 4960 quos
1194 4901 1252 4939 non
1260 4881 1381 4939 multura
1392 4898 1446 4939 nos
1456 4878 1618 4938 morabitur
1627 4878 1721 4936 Patri·

954 4966 1722 5042 ciusvehementissimasobtrectatorAristotelis,qni

954 5062 1029 5119 ultra
1037 5062 1120 5130 lines,
1132 5057 1405 5136 utsolet,abreptus,
1413 5055 1566 5135 Topicaab
1572 5053 1723 5113 Aristotele

954 5146 1147 5225 abjudicanda
1165 5159 1195 5204 et
1222 5144 1423 5221 Theophrasto
1443 5144 1489 5202 rel
1521 5141 1648 5204 Eudemo
1675 5140 1723 5198 vel

957 5237 1072 5296 l‘lraniae
1093 5232 1248 5295 tribuenda
1268 5253 1331 5294 esse
1351 5232 1463 5293 censuit
1478 5228 1530 5306 (ci.
1554 5233 1721 5287 Discussioa.
