3959 5900
276 401 316 460 30
482 446 485 452 .
817 392 1065 456 nutstuuutls
1086 392 1334 454 FRAGMENTA.

182 589 184 595 ,
274 530 411 609 adjungat
424 529 482 598 robe
503 527 569 610 θπίρ
582 530 635 588 τῶν
658 525 789 600 ποιήσεων
809 513 907 586 ποίτων
929 528 1051 605 (uagae-
1106 545 1164 584 nou
1187 525 1321 585 diversos
1346 525 1442 584 fuisse.
1458 523 1492 584 ln
1512 546 1572 603 quo
1596 526 1658 586 illis
1684 527 1783 588 fraudi
1810 530 1884 605 iuit,

275 619 351 677 diam
367 632 395 678 ct
406 617 579 679 comoediam
594 615 680 697 scil.)
696 614 854 696 ἀγωνιστάς,
868 616 899 675 id
915 629 959 677 est
969 617 1049 676 Peri·
1105 613 1184 690 quod
1205 632 1266 671 non
1285 612 1356 672 satis
1374 612 1450 671 bene
1466 628 1678 692 perspexerunt
1696 616 1885 676 Aristotelen

274 708 425 787 ρηςθςῑως,
1107 719 1167 759 non
1188 699 1225 758 de
1239 699 1364 779 proprio
1385 700 1512 778 quodam
1536 701 1668 781 scripto,
1692 703 1745 762 sed
1765 704 1806 763 de
1819 705 1887 765 Pla·

872 828 876 835 -
1103 787 1209 847 tonicis
1231 786 1369 847 debono
1391 786 1578 847 sermonibus
1598 787 1728 850 locumm
1751 794 1885 852 caselle

438 874 495 934 lll.
515 875 608 936 nutu
628 872 883 936 ΦΙΛΟΣΟΦΙΑΣ.
1104 873 1150 933 bis
1163 894 1234 934 vero
1247 888 1348 955 postea
1368 875 1530 936 accuratius
1545 875 1706 937 videndum
1719 881 1790 953 erit,
1803 900 1883 940 nunc

312 1042 397 1114 Quod
421 1042 597 1120 bernaysius
612 1040 649 1100 de
673 1039 819 1118 dialogico
842 1039 935 1098 forma
957 1038 1050 1097 libro·
1099 962 1885 1136 pgnnppdilstgpglplslffinwffiffis‘lliffilgfflgsix

273 1153 350 1204 rum,
364 1130 416 1210 qui
437 1130 468 1188 in
482 1131 580 1210 prima
593 1142 674 1207 parte
690 1128 798 1188 indicis
812 1127 952 1204 Diogenis
972 1125 1007 1187 L.
1020 1138 1050 1186 et
1102 1138 1295 1218 philosophi,
1317 1141 1494 1199 mentionem
1515 1141 1617 1200 [θορῆς
1637 1162 1739 1206 necne,
1763 1147 1809 1204 ι),
1829 1147 1883 1206 γη,

271 1218 420 1299 Anonymi
437 1230 626 1279 recensentur
646 1217 783 1293 (Diogen.
806 1213 903 1273 Laert.
921 1215 950 1288 3,
971 1215 1049 1273 Ano·
1102 1230 1197 1276 numm
1212 1237 1245 1277 re
1264 1219 1346 1278 nulla
1362 1219 1485 1279 fortasse
1499 1219 1645 1280 dubitatio
1657 1236 1745 1297 esset,
1769 1226 1830 1286 nisi
1845 1226 1882 1286 ab

272 1332 352 1390 προς,
388 1316 422 1387 3;
454 1311 492 1372 cf.
523 1303 727 1365 Dschemalud.
754 1304 809 1380 3),
838 1316 921 1362 acute
950 1302 1047 1381 suspi·
1103 1304 1176 1383 ipsis
1191 1306 1360 1386 philosophi
1378 1308 1589 1387 interpretibus
1616 1309 1801 1387 injiceretur,
1823 1336 1883 1375 uno

272 1414 352 1460 entus
376 1414 452 1474 erat,
478 1396 525 1472 id,
552 1391 631 1472 quod
656 1390 693 1453 ad
724 1389 818 1450 libros
839 1388 900 1468 napi
925 1389 1047 1451 Φιλοσο·
1102 1413 1163 1465 ore,
1176 1407 1296 1474 excepto
1311 1393 1486 1469 'l'hemistio,
1502 1396 1764 1461 affirmaubusin
1778 1401 1882 1462 verbis

271 1489 332 1567 ρίας
353 1489 472 1557 attinet,
498 1479 687 1541 verissimum
720 1497 799 1548 esse,
825 1497 903 1537 nunc
935 1477 1046 1538 diserto
1102 1484 1270 1543 Aristotelis
1284 1482 1386 1544 Natur.
1402 1485 1545 1558 Auscult,
1567 1485 1608 1556 ll,
1628 1490 1690 1564 ης
1712 1509 1749 1547 ro
1772 1493 1883 1571 κΔιχὸς

270 1576 414 1637 Prisciani
441 1568 610 1655 philosophi
635 1566 803 1627 testimonio
826 1564 1046 1645 comprobatur.
1101 1569 1196 1651 γὰρτὸ
1210 1562 1241 1630 oi
1254 1570 1342 1630 ἕνεκα·
1356 1570 1458 1651 ιίρηται
1476 1572 1503 1633 dl
1517 1576 1544 1634 ίν
1557 1575 1686 1656 τοῖςπερὶ
1700 1578 1881 1659 Φιλοσοᾴας,

273 1665 307 1723 ln
337 1665 508 1744 praelatione
536 1657 616 1717 enim
640 1654 838 1725 Quaestionum
864 1652 1046 1713 Naturalium
1102 1655 1136 1716 cd
1153 1658 1216 1740 πιρὶ
1230 1658 1393 1741 Φιλοσορίας
1413 1659 1488 1720 nibil
1515 1661 1595 1721 aliud
1617 1661 1768 1740 designari
1794 1686 1883 1745 quam

272 1756 309 1814 ad
331 1754 490 1813 Chosroem
512 1748 666 1806 Persarum
689 1762 803 1820 regem,
822 1742 951 1823 primum
969 1741 1049 1800 edita
1102 1746 1233 1806 Ethicam
1249 1746 1286 1806 ad
1303 1746 1511 1807 Nicomachum
1523 1750 1681 1829 scriptam3
1694 1751 1732 1812 cs.
1743 1752 1880 1834 Simplic.

271 1864 331 1904 av.
351 1843 388 1903 cl.
403 1839 579 1911 Quicherat,
601 1833 795 1910 Bibliorhique
814 1836 850 1889 dc
875 1823 981 1889 I'Ecole
998 1834 1048 1888 des
1101 1834 1230 1897 indrist.
1241 1835 1376 1912 Physic„
1388 1835 1410 1897 ί.
1420 1839 1469 1910 67,
1481 1838 1694 1911 verso,loann.
1707 1840 1882 1921 Philopon,

272 1934 398 2001 δίωνται,
422 1932 451 1988 3·
465 1933 553 1996 serie,
572 1938 593 1985 t.
610 1921 660 1994 Ν,
681 1943 710 2001 p.
725 1923 793 1994 auli,
807 1918 1048 1979 deindeaDiib-
1103 1923 1124 1982 ί.
1148 1943 1178 2002 p.
1210 1921 1381 2001 15,Scbol.
1402 1924 1468 1988 cod.
1499 1926 1593 1987 Paris.
1629 1947 1660 1988 n.
1686 1937 1782 2005 1947,
1803 1930 1882 2009 apud

271 2041 353 2092 nero,
372 2020 404 2079 in
424 2012 601 2076 Plotinoed.
620 2011 711 2070 Didot
728 2012 767 2069 ad
787 2010 906 2084 calcem,
929 2010 991 2067 haec
1011 2007 1049 2066 cle
1103 2010 1237 2071 brandis.
1268 2031 1298 2089 p.
1320 2013 1391 2088 349,
1416 2010 1455 2085 b,
1479 2034 1531 2075 aa.
1554 2014 1647 2085 Quem
1667 2034 1799 2076 errorem
1822 2039 1882 2078 non

272 2106 401 2168 fontibus
429 2104 491 2164 suis
515 2101 626 2180 posuit,
652 2120 683 2176 p.
714 2098 803 2157 553:
829 2101 876 2154 Ec
901 2100 1048 2155 Platonico
1102 2097 1221 2157 aliunde
1234 2111 1334 2158 natum
1351 2102 1685 2179 puto,quameverbis,
1701 2109 1811 2182 quaein
1826 2108 1882 2166 Pa·

270 2205 344 2256 enim
362 2198 470 2252 Timaeo
492 2191 690 2263 Ρίιιαιίοιισριιε
710 2198 740 2242 er
760 2185 888 2243 Plraedro
900 2199 929 2242 cr
941 2186 1048 2242 Politia
1101 2184 1233 2264 rapbrasi
1247 2186 1347 2264 posuit
1357 2185 1547 2261 Themistius,
1564 2188 1616 2249 iol.
1636 2198 1679 2270 αθΥ
1692 2211 1780 2252 verso
1797 2214 1805 2251 ι
1825 2193 1881 2255 Καὶ

271 2303 299 2344 et
315 2289 381 2342 aliis
405 2279 627 2338 convenientibus
645 2275 881 2350 disputationibus
900 2285 1047 2347 assumpta
1098 2272 1139 2333 dn
1154 2273 1235 2352 διχῶς
1254 2272 1285 2331 τὸ
1301 2272 1414 2341 τίλοςέν
1437 2277 1491 2344 τοῖς
1502 2276 1621 2345 Ἠθικοῖς
1639 2278 1694 2358 (σί.
1721 2280 1787 2339 Eth.
1811 2282 1876 2344 Nic.

147 2408 150 2413 .
270 2388 354 2448 atque
373 2366 503 2440 confecta
515 2377 589 2434 sunt,
606 2376 636 2419 et
654 2362 811 2419 actlonibus
821 2358 1043 2441 (πραγματιίαις)
1100 2361 1143 2422 in.
1154 2361 1166 2441 )
1176 2363 1291 2439 λέγιιαι,
1307 2361 1344 2420 ad
1356 2364 1549 2440 praaoedentia
1568 2367 1646 2446 apud
1659 2366 1878 2449 philosophum,

271 2461 426 2520 Aristotelis
450 2458 487 2512 de
494 2455 614 2530 physica
629 2465 656 2509 et
673 2454 709 2508 de
728 2453 800 2507 coelo
815 2458 844 2507 et
864 2452 900 2506 dc
920 2468 1047 2524 genera·
1101 2452 1122 2512 l.
1137 2450 1157 2511 l.
1174 2448 1254 2525 lapis
1274 2450 1324 2530 γάρ
1337 2475 1395 2519 πως
1414 2452 1460 2512 καί
1473 2457 1549 2531 ἡμιῖς
1566 2455 1653 2532 τέλος,
1668 2458 1879 2534 spectantibus,

270 2558 343 2607 tione
359 2560 387 2604 et
403 2548 575 2619 corruptione
588 2554 617 2598 er
639 2537 787 2617 μετεώρων,
798 2541 931 2594 similiter
939 2558 1047 2614 quoque
1100 2557 1161 2596 non
1183 2556 1253 2596 acro
1272 2536 1309 2596 ad
1322 2540 1472 2615 sequentia
1487 2541 1589 2621 ιίρηκαι
1602 2540 1630 2600 δὲ
1645 2543 1736 2622 ἐντοῖς
1748 2544 1810 2626 περί
1826 2548 1881 2607 ‹lu-

270 2659 308 2694 απ
330 2636 376 2691 Iu‘s
388 2653 453 2710 ροσε
471 2643 536 2687 sunt
556 2631 593 2685 de
611 2647 708 2685 sonrno
728 2639 758 2683 et
769 2631 885 2683 somniis
904 2639 933 2682 et
949 2646 987 2682 ear
1004 2628 1047 2683 his
1098 2625 1238 2707 λοσορίας,
1252 2645 1317 2705 quae
1337 2627 1370 2686 in
1387 2629 1449 2688 suis
1468 2628 1555 2689 libris
1580 2650 1640 2690 non
1664 2632 1816 2694 invenisse
1829 2636 1877 2695 vi·

269 2746 334 2802 quea
344 2728 426 2801 quasi
438 2727 467 2776 in
482 2721 607 2795 dicbgis
617 2722 722 2793 scripta
736 2717 847 2772 suntde
865 2714 1046 2791 philosophia
1101 2716 1187 2773 detur
1203 2713 1229 2773 Τ
1230 2714 1394 2790 immissius,
1416 2735 1507 2795 quum
1529 2720 1611 2778 nulla
1622 2720 1744 2781 illorum
1765 2722 1798 2780 in
1813 2722 1880 2800 ejus

269 2830 297 2872 et
316 2817 352 2871 de
375 2812 498 2869 mrmdis.
518 2805 574 2865 Sed
600 2822 654 2864 nec
677 2802 733 2862 hoc
752 2822 827 2882 opus
842 2802 935 2862 fuerat
958 2823 1045 2881 argu·
1099 2802 1276 2883 Paraphrasi
1292 2804 1403 2864 mentio
1423 2820 1567 2868 occurrat.
1583 2806 1669 2877 Quod
1683 2809 1775 2885 igitur
1788 2810 1880 2870 innn-

269 2913 385 2979 nrcnto,
407 2912 440 2959 ut
459 2897 577 2957 illorum
600 2912 687 2953 error
710 2904 891 2969 argueretur,
914 2893 982 2971 qui,
1013 2906 1045 2953 ut
1100 2891 1188 2951 meris
1210 2891 1283 2953 locis
1300 2893 1333 2952 in
1352 2892 1520 2973 philosophi
1544 2893 1632 2958 libris
1648 2896 1754 2956 iactum
1777 2910 1833 2973 est,
1849 2914 1879 2960 et

268 2993 340 3051 olim
354 2991 458 3051 Petrus
479 2986 603 3056 lllarsus,
623 2981 703 3042 Sam.
718 2979 831 3040 Petitus
856 2982 1042 3057 (Miscellan,
1100 2977 1148 3038 hic
1162 2980 1302 3042 accidisse
1315 2981 1414 3054 credo,
1441 2993 1470 3041 et
1483 2981 1601 3060 quidem
1620 2985 1672 3062 ita,
1686 2999 1718 3045 ut
1737 2986 1800 3047 illis
1819 2990 1880 3066 πιρὶ

269 3081 289 3138 ί.
313 3076 363 3149 w,
388 3082 435 3155 9),
456 3074 578 3135 Buhlius
606 3069 658 3152 (dc
680 3075 798 3130 Ariston
824 3071 900 3129 libris
912 3073 1042 3149 deperi„
1098 3067 1262 3152 Φολοσυρίας
1285 3069 1483 3149 Metaphysica
1506 3069 1740 3153 designarentur,
1767 3079 1879 3137 omisso

269 3188 297 3247 p.
325 3167 396 3244 ιοθ,
414 3164 500 3243 κιο),
523 3162 637 3222 'litzius
659 3158 713 3238 (cle
731 3164 845 3220 Aristar.
869 3161 934 3219 libr.
961 3168 1041 3231 serie,
1099 3160 1218 3243 fortasse
1232 3158 1324 3218 verbo
1345 3155 1471 3238 πρώτης,
1484 3157 1563 3236 quod
1577 3159 1609 3217 in
1629 3160 1707 3233 loco,
1726 3163 1819 3224 simili
1833 3166 1878 3224 in·

268 3276 299 3335 p.
316 3262 367 3328 74,
383 3253 450 3328 θη),
464 3250 624 3309 novissime
636 3259 730 3306 autem
746 3245 900 3306 Krischius
910 3245 920 3327 (
930 3250 1043 3305 Forsclr.
1100 3247 1303 3327 terpolationis
1323 3245 1485 3325 suspicioni
1510 3244 1661 3321 obnoxio,
1687 3251 1724 3309 de
1746 3238 1875 3313 Animal.

267 3343 322 3415 aiij
330 3345 393 3399 dem
403 3338 518 3398 Gebr'etc
528 3339 640 3397 deruit.
649 3336 766 3403 Philon,
782 3353 812 3412 p.
820 3335 878 3393 263
891 3334 983 3414 ηιμ),
994 3336 1044 3395 de·
1098 3337 1238 3410 motione,
1251 3357 1278 3397 c.
1294 3337 1312 3393 6
1324 3334 1404 3406 init..
1415 3334 1522 3410 legitur
1540 3353 1549 3393 t
1564 3335 1634 3414 llrpl
1646 3335 1694 3414 μὲν
1708 3346 1755 3399 τοῦ
1768 3341 1876 3422 πρώτου

268 3442 430 3489 monstrare
447 3424 574 3503 aggressi
587 3436 665 3495 sunt,
680 3421 766 3482 hosce
777 3420 871 3483 libros
882 3423 943 3504 πιρί
957 3426 1042 3485 Φιλο·
1097 3422 1247 3501 κινουμένου
1256 3419 1350 3482 aridei
1359 3419 1524 3496 κινουμένου,
1534 3422 1579 3482 καὶ
1589 3427 1721 3491 πῶςκινιῖ
1731 3426 1763 3487 τὸ
1774 3433 1878 3508 πρῶτον

268 3519 360 3601 σορίας
384 3518 422 3578 iis
437 3515 600 3587 contineri,
615 3515 667 3592 qui
689 3512 777 3571 hodie
795 3510 873 3571 Μετὰ
893 3510 928 3571 adt
944 3513 1043 3594 paoni
1097 3517 1196 3589 κινοῦν,
1207 3507 1344 3589 διώρισται
1354 3509 1478 3589 πρότερον
1489 3511 1517 3568 ἐν
1527 3516 1581 3578 τοῖς
1593 3512 1655 3593 περὶ
1667 3511 1777 3593 πρώτης
1787 3521 1875 3579 «pop.

268 3608 481 3681 inscribuntur,
507 3623 597 3683 quum
622 3603 697 3663 nihil
721 3621 837 3675 eorum,
860 3616 984 3679 quae-ut
1007 3624 1044 3664 ex
1097 3599 1200 3680 σορίας.
1212 3600 1295 3659 Talis
1314 3618 1385 3658 uero
1396 3598 1507 3659 fraudis
1520 3599 1613 3660 multo
1625 3602 1713 3662 etiam
1731 3604 1877 3668 illustrius

267 3718 354 3775 opere
372 3697 408 3756 de
427 3691 618 3773 Philosophia
641 3691 794 3771 desumpta
811 3691 985 3764 asseruntur,
1008 3693 1042 3751 in
1098 3688 1265 3768 suppeditat
1287 3687 1453 3767 exemplum
1467 3688 1634 3769 Asclepius,
1653 3693 1705 3770 qui
1728 3693 1760 3752 in
1782 3695 1876 3754 intro·

266 3789 313 3847 his
336 3785 465 3847 inveniri
478 3782 579 3864 possit.
595 3781 661 3840 Non
673 3784 765 3858 magis
785 3780 883 3853 enim,
899 3792 932 3839 ut
947 3779 1043 3841 tribus
1097 3779 1235 3839 ductione
1248 3778 1284 3837 ad
1296 3777 1506 3857 hletaphysica,
1521 3799 1552 3859 p.
1570 3779 1641 3858 519,
1655 3779 1686 3852 b,
1705 3802 1741 3858 19
1753 3781 1875 3857 Brund,

267 3892 378 3937 tantum
390 3874 478 3935 modo
490 3871 634 3952 exemplis
643 3871 795 3949 defungar,
806 3869 842 3930 de
853 3868 965 3948 Orphei
979 3890 1044 3929 car·
1097 3890 1133 3929 ex
1152 3869 1314 3949 analyticis
1336 3867 1550 3949 posterioribus
1572 3868 1635 3927 haec
1662 3868 1753 3930 verba
1773 3873 1877 3946 affert,

267 3966 409 4037 minibus,
425 3982 511 4042 quam
525 3960 562 4020 de
575 3973 695 4021 auctore
708 3958 870 4019 notissimae
882 3956 962 4016 illius
975 3977 1043 4017 seu·
1100 3986 1113 4011 α
1137 3957 1189 4027 Ὦς
1212 3955 1316 4040 ιίρητοί
1335 3981 1379 4037 μοι
1405 3959 1433 4016 tv
1459 3957 1595 4038 τοῖςπερὶ
1619 3959 1712 4040 σοφίας
1734 3960 1837 4040 λόγοις,
1858 3992 1872 4016 ι

267 4055 363 4112 tentiae
377 4054 462 4113 Γνῶθι
474 4047 592 4122 σεαυτὸν,
608 4046 708 4107 nut'de
718 4046 811 4124 Magis
824 4044 1044 4123 antiquioribus
1098 4068 1235 4128 quorum,
1255 4061 1288 4107 ut
1305 4067 1370 4106 cum
1385 4046 1516 4106 Varrone
1529 4045 1645 4124 loquar,
1666 4066 1719 4107 nec
1740 4050 1810 4107 vola
1824 4070 1876 4110 nec

267 4158 353 4215 quam
369 4137 513 4216 AEgyptiis
530 4135 582 4214 (cs.
597 4134 674 4193 inira
688 4134 727 4193 ir.
744 4154 778 4205 1,
793 4133 828 4204 3,
846 4130 896 4210 5),
908 4132 940 4192 in
954 4132 1043 4192 hleta-
1096 4139 1251 4215 vestigium
1264 4138 1295 4197 in
1314 4137 1423 4195 nostris
1436 4133 1522 4195 libris
1534 4138 1673 4197 occurrit.

266 4223 395 4302 physicis
410 4225 524 4283 locutus
542 4234 586 4281 est
600 4219 804 4300 philosophus.
824 4219 884 4279 Nec
898 4220 925 4280 is
947 4233 1043 4280 tanuen
1136 4225 1168 4287 si
1190 4226 1251 4285 haec
1263 4242 1332 4283 vere
1345 4244 1363 4281 a
1377 4220 1463 4282 nobis
1479 4222 1628 4302 disputata
1643 4237 1723 4297 sunt,
1744 4228 1877 4304 sequitur

267 4314 346 4373 solus
361 4332 445 4372 error
463 4310 550 4369 estin
563 4329 622 4387 quo
639 4307 722 4367 multi
740 4307 935 4381 versatisunt,
951 4309 1002 4368 sed
1016 4322 1044 4368 et
1097 4311 1184 4386 inde,
1211 4327 1244 4373 ut
1267 4331 1327 4371 non
1361 4316 1453 4386 magis
1482 4310 1593 4389 dialogi
1617 4312 1655 4373 de
1685 4311 1876 4392 Philosophia

267 4404 297 4460 in
311 4401 435 4461 similem
455 4398 543 4478 plane
560 4397 718 4457 nonnullos
732 4397 1045 4478 induxeruntSimpli·
1098 4419 1185 4476 quam
1210 4412 1373 4459 ceterorum
1398 4397 1536 4458 disertam
1561 4401 1667 4461 fecisse
1695 4403 1873 4462 mentionem

268 4490 331 4549 cius
345 4501 374 4548 et
393 4486 522 4547 loannes
540 4486 737 4564 Philoponus.
761 4483 805 4544 Ex
826 4486 864 4546 iis
885 4488 963 4547 enim
978 4508 1045 4566 quae
1098 4488 1269 4547 Aristoteles
1284 4486 1430 4566 putandus
1443 4488 1492 4560 sit,
1514 4489 1568 4548 vix
1588 4492 1667 4548 enim
1687 4509 1762 4569 opus
1780 4505 1874 4551 estut

267 4577 312 4636 illi
334 4578 370 4636 ad
392 4573 560 4635 Aristotelis
573 4572 673 4647 verba,
687 4573 723 4632 de
738 4573 860 4654 Anima,
873 4575 896 4647 l,
917 4597 947 4648 a,
968 4578 1041 4653 37:
1098 4594 1242 4646 moneam,
1263 4574 1363 4634 salsam
1383 4595 1447 4636 esse
1470 4576 1590 4637 illorum
1608 4579 1803 4658 opinionem,
1823 4581 1874 4659 qui

265 4663 382 4742 Ὁμοίως
398 4663 426 4723 dl
439 4662 484 4723 καί
499 4664 526 4722 ίν
538 4670 591 4730 τοῖς
604 4663 665 4741 περὶ
684 4661 846 4743 Φιλοσοφίας
861 4663 1044 4744 [λεγομένοις]
1097 4663 1187 4722 verba
1197 4662 1369 4744 philosophi
1382 4664 1418 4723 de
1431 4665 1523 4728 Partt.
1532 4665 1645 4739 duim„
1657 4666 1683 4740 l,
1696 4667 1790 4747 aiilp.
1802 4670 1873 4740 ani,

267 4751 392 4832 διωρίσθη
414 4751 498 4831 (scil.
522 4754 539 4821 ἧ
561 4749 635 4831 ψυχὴ
644 4749 665 4827 ),
681 4749 908 4829 adscripserunt,
932 4752 1045 4828 primus
1099 4752 1153 4828 30)
1167 4750 1266 4819 t'loroe
1280 4752 1303 4810 δ’
1316 4752 1348 4812 ἄν
1363 4775 1402 4820 τις
1410 4753 1560 4834 ἀπορήσαι,
1571 4754 1650 4815 ποίαν
1662 4756 1784 4834 λέγουσιν
1797 4756 1874 4834 ‹isdr-

269 4840 318 4900 iol.
334 4841 351 4898 5
363 4859 449 4899 verso
462 4861 468 4896 ι
485 4837 726 4920 ΠερίΦιλοσορίας
740 4834 787 4915 μίν
801 4840 848 4896 νῦν
859 4836 972 4914 lirare&
983 4839 1044 4917 napi
1097 4864 1147 4915 κην
1170 4842 1193 4899 οἱ
1205 4839 1322 4919 λέγοντες
1335 4840 1363 4911 ii
1377 4841 1501 4920 ἀνάγκης·
1515 4845 1567 4902 τῶν
1583 4842 1631 4918 μὲν
1643 4842 1696 4925 γὰρ
1713 4841 1759 4904 dio
1770 4845 1873 4924 τρόπων

267 4932 393 5008 adraldi,
411 4929 484 4989 alter
497 4948 578 5002 vero,
595 4929 616 4989 f.
638 4927 673 4999 C,
697 4950 709 4986 1
737 4946 844 4987 verso:
860 4923 979 5005 Tdnrpi
996 4930 1045 4986 τᾶ·
1098 4927 1232 5011 οθθίτιρον
1258 4920 1335 4989 οἶόνθ·
1349 4928 1489 5011 ὑπάρχειν,
1504 4932 1557 4990 τῶν
1581 4931 1758 5013 διωρισμίνων
1775 4935 1802 4993 lu
1822 4942 1874 5000 τοῖς

268 5024 348 5100 γαθοῦ
361 5017 559 5100 θπιγραρθμινα
575 5016 637 5097 περί
650 5015 814 5099 Φιλοσοφίας
826 5014 909 5095 λίγιι,
923 5029 987 5076 orta
998 5032 1044 5080 est
1098 5015 1167 5076 racd
1181 5015 1347 5100 ριλοσορίαν,
1365 5020 1406 5078 ita
1420 5019 1568 5098 accipiunt
1579 5021 1665 5099 quasi
1685 5021 1722 5081 de
1735 5021 1822 5085 libris
1834 5022 1870 5081 de

269 5110 345 5189 apud
358 5110 465 5170 multos
475 5107 588 5187 opinio,
599 5107 692 5168 libros
707 5105 871 5166 Aristotelis
882 5106 943 5187 napl
956 5108 1043 5166 Φιλο·
1098 5106 1289 5186 Philosophia
1302 5107 1475 5184 conscriptis
1486 5127 1582 5167 sermo
1598 5109 1688 5169 lieret.
1702 5109 1782 5179 Quid
1794 5112 1870 5170 eninr

268 5195 361 5276 coplae
382 5195 419 5255 ab
433 5196 490 5274 iis,
504 5196 556 5274 qui
570 5193 631 5274 nrpl
651 5196 766 5274 τάγαθοῦ
789 5194 925 5274 inscripti
940 5209 1040 5274 eram,
1098 5195 1158 5256 sint
1168 5193 1202 5255 sd
1214 5197 1283 5257 κατὰ
1295 5194 1447 5277 ριλοσορίαν
1459 5195 1618 5276 διωρισμένα
1630 5197 1787 5275 optimcex
1796 5219 1873 5258 corn·

1968 824 1977 947 l

1973 974 1977 1129 ¹

1972 1282 1977 1540 l

1972 1600 1977 1869 γ

1974 2942 1977 3022 l

1974 3083 1976 3182 l
