3959 5900
265 515 323 573 l32
692 580 696 587 Ι
786 506 1029 567 ARlSTOTELlS
1056 503 1304 566 FRAGMENTA.

261 649 295 714 ὡς
308 647 352 703 ἐπι
341 646 450 722 ’μεῖζον
467 644 546 703 ἄλλου
561 642 667 701 ἄλλοθεν
689 640 832 708 συνιόντος·
825 633 897 699 ὀἷον
918 664 964 698 και
953 638 1029 700 Σό·

263 737 314 792 λων
328 733 433 810 λέγεται
446 753 478 787 π
468 729 626 802 .ποιηκε’ναι,
640 728 671 787 ὅτ
656 752 683 786 ε
698 734 794 806 συνῆγε
815 728 858 787 τόν
872 727 951 807 ὄχλον
972 727 1032 808 περὶ

263 824 412 895 Σαλαμῖνος
430 817 478 894 (cl.
492 816 571 876 Plut.
586 815 619 872 V.
632 816 788 874 Solonisc
805 817 844 891 θλ

302 909 406 967 Eadem
417 906 504 965 habet
518 905 582 965 cod
593 905 703 984 tipus
695 926 725 964 νιν
737 925 795 982 quo
810 904 864 984 Ἀρι
866 904 1010 977 orossius
1002 926 1032 964 ru

261 995 479 1074 cupitescholii'
471 994 642 1071 inscriptum
649 1005 703 1065 est,
711 1017 740 1071 p.
750 994 797 1069 95,
813 996 849 1050 αδ
858 995 903 1051 ed.
915 994 1030 1054 Bachm.

260 1081 423 1141 solutionis
439 1078 476 1138 ab
493 1081 649 1139 Aristotele
668 1081 828 1159 propositae
843 1081 965 1156 vestigia
983 1101 1033 1139 oc·

259 1182 378 1229 currunt
401 1169 433 1226 in
448 1168 548 1227 eodem
563 1167 675 1227 scholio
685 1189 713 1247 p.
726 1170 777 1241 60,
792 1168 829 1241 A,
844 1170 880 1226 οδ
897 1190 904 1225 :
919 1168 970 1227 ubi
982 1189 1033 1227 va-

259 1258 312 1316 riis
325 1255 448 1315 aliorum
463 1253 659 1315 solutionibus
672 1256 774 1327 allatis,
784 1255 846 1315 haee
858 1255 1006 1314 adduntur
1024 1277 1031 1311 ε

260 1344 294 1404 Ol
308 1343 449 1419 δὲμᾶλλον
464 1341 632 1414 συντίθενται,
644 1341 713 1410 ὅπως
726 1341 871 1423 ἐπιστρέψῃ
888 1343 918 1402 r⁸o
934 1346 1030 1414 πλῆθος

258 1431 323 1509 πρὸς
338 1430 428 1490 ἑαυτὸν
443 1430 495 1488 ἀπὸ
513 1435 559 1502 τῆς
574 1424 636 1508 περὶ
652 1435 697 1490 τοῦ
715 1430 817 1512 φεύγειν
830 1435 957 1514 ταραχῆς,
969 1430 1030 1490 ἐπέ·

258 1542 313 1599 χων
327 1517 370 1576 διδι
384 1522 429 1583 τοῦ
442 1517 571 1595 ξενισμοῦ.
585 1517 628 1575 Cl'.
643 1517 685 1577 ib.
707 1539 736 1573 ν.
754 1520 770 1576 3
787 1518 872 1578 Beki.
888 1541 895 1576 ι
910 1517 927 1588 ἢ
944 1517 986 1577 διδ
1000 1521 1031 1575 τὸ

260 1604 422 1685 ἐπιστρέφειν
438 1608 470 1684 τῇ
492 1603 630 1685 παραδόξῳ
645 1603 691 1684 θίρ
714 1603 770 1671 τοὺς
785 1604 904 1677 πολλούς,
917 1626 982 1683 quae
1003 1618 1030 1664 et

259 1693 335 1773 apud
351 1692 528 1750 llustathium
538 1691 674 1766 leguntur
688 1711 716 1769 p.
738 1692 804 1767 198.

581 1841 596 1901 ο
620 1833 709 1909 (1⁶9)-

297 1973 391 2032 Sclrot.
406 1972 540 2033 l'euet.B
560 1974 595 2031 ad
611 1972 693 2032 Iliad.
710 1977 735 2052 A,
753 1975 820 2045 305,
836 1994 866 2052 p.
881 1975 931 2045 68,
946 1978 978 2045 Β,
996 1975 1033 2031 io

258 2064 360 2122 Beki:
379 2090 390 2113 ι
409 2060 502 2135 Ἡμεῖς
514 2059 537 2118 δ’
548 2060 616 2140 όμρὶ
622 2061 682 2139 περὶ
694 2061 791 2139 κρήνης
799 2060 883 2141 ἱεροὺς
893 2060 962 2120 κατὰ
978 2066 1033 2139 βω-

258 2151 320 2227 μούς
337 2178 361 2221 ν,
377 2148 455 2229 μέχρι
466 2154 522 2219 τοῦ,
543 2176 554 2200 ι
574 2150 622 2231 Ἰῷ
641 2149 742 2227 δεκάτῳ
767 2148 795 2207 δὲ
820 2149 896 2208 πόλιν
923 2150 1032 2229 αἱρήσο-

258 2264 308 2316 μεν
319 2237 475 2316 εὐρυάγυιαν
490 2237 534 2311 (ν.
554 2236 664 2312 3291».
686 2236 754 2315 Περὶ
777 2236 872 2294 τούτοιν
885 2239 937 2294 τῶν
962 2239 1031 2296 ἐπῶν

257 2328 389 2406 ἠπόρηται
411 2329 426 2383 δ
448 2322 676 2402 Ἀριστοτέλης
688 2331 810 2384 τοιαῦτα·
824 2328 874 2385 Διὰ
889 2324 914 2383 τί
930 2327 1031 2385 blidi-

257 2440 315 2497 χας,
331 2414 411 2520 εἰμὲν
429 2412 466 2494 (ὃ
486 2413 533 2488 μὲν
550 2413 693 2471 Wacltsm.
717 2414 774 2485 l.l‚
797 2434 827 2491 p.
844 2412 983 2493 36)οὖδὲν
1000 2407 1032 2487 At

257 2504 335 2583 τέρας
346 2502 376 2560 τὸ
390 2500 523 2579 γινόμενον
537 2501 596 2574 (τῶν
611 2523 717 2612 γιγνρμε
711 2499 768 2558 ’νων
785 2501 861 2559 idem
870 2503 891 2577 )‚
905 2499 1034 2578 έξηγεῖται

258 2593 293 2658 ὡς
304 2591 398 2669 τέρας,
411 2586 437 2645 τί
460 2586 544 2666 γὰρ
526 2610 622 2646 ατοπον
635 2591 686 2647 υπο
673 2586 780 2668 ’ὄρεως
794 2588 932 2666 στρουθους
953 2589 1034 2649 κατέ-

260 2678 378 2748 δεαθαιῆ
394 2678 499 2743 τούτους
518 2677 566 2735 όκ·
556 2674 588 2733 ὼ
606 2665 687 2748 ειναι;
704 2676 771 2758 llspl
791 2674 817 2734 δέ
836 2700 882 2735 του
901 2676 972 2736 λίθον
986 2702 1034 2756 γε-

256 2768 356 2839 νέσθαι,
371 2765 443 2825 οὐδὲν
456 2762 564 2844 λέγει,’
551 2783 565 2822 ο
579 2787 610 2835 ην
622 2761 704 2842 μέγα,
715 2766 737 2825 sl
752 2762 821 2839 μὴό
822 2762 951 2843 ραείςτθν
962 2765 1036 2824 ἀπό-

257 2856 364 2915 πλουν’
352 2853 503 2931 εσήμαινεν,
516 2850 551 2919 ὥς
562 2851 627 2918 τινές
637 2874 725 2932 φασιν.
717 2853 797 2912 ,Οὐκ
809 2850 885 2911 ἔδειδ
871 2853 1035 2964 δᾶναμγηὲ-

257 2970 317 3005 σαι·
337 2945 403 3012 εἰκὸς
417 2933 499 3023 γδιρ
482 2968 514 3015 ην
535 2940 690 3019 υπολαόεῖν,
714 2942 759 3001 καὶ
780 2942 853 3001 εἶ’
815 2967 915 3023 μαρτυς
939 2943 1033 3020 (μήτις

256 3035 377 3092 lllelrler.
387 3034 487 3090 iiheiu.
500 3034 575 3087 M.us
591 3031 719 3108 1850‚p.
736 3032 803 3110 145)
817 3029 898 3108 ἔλεγε
912 3031 1034 3092 Καλτότε

258 3120 334 3188 ἀξίως
350 3120 422 3196 ἔλεγε
435 3143 460 3175 τ
453 3126 520 3190 ῦτο,
536 3116 576 3176 ὅτι
586 3117 797 3189 οὖθὲόπέδωκεν,
812 3119 883 3177 δν
858 3143 897 3190 ειη
910 3121 1033 3200 τὀτέρας·

257 3208 340 3317 όγιίτη
350 3204 399 3284 γδιρ
411 3197 583 3311 ήνήμήιηρ,
596 3205 774 3287 δικατιιοδ
749 3231 780 3267 το
790 3204 871 3266 lusor
885 3207 951 3278 itu
970 3212 1032 3282 Φη-

257 3295 297 3353 sir
311 3316 355 3350 ουν
371 3291 408 3367 μή
423 3292 493 3357 εἰς’
469 3313 512 3349 τσν
522 3291 612 3351 νόστον
626 3264 783 3371 εἰρήσθαῦ
756 3317 789 3351 τα
804 3295 886 3373 περὶ.
873 3319 919 3366 της
940 3298 1033 3356 ἀπολι-

256 3380 359 3445 θώσεως
371 3383 416 3437 τοῦ
432 3377 581 3486 δρρίκσντος,
596 3378 636 3438 διὸ
650 3378 704 3440 ott’
720 3381 826 3453 ἐποίησε
836 3380 874 3439 λε
866 3405 958 3460 γοντα
972 3384 1032 3444 οὔτε

256 3467 306 3549 γδρ
332 3468 427 3533 πάντες
450 3466 555 3525 ἄνοστοι
578 3465 708 3546 ἐγένοντο,
729 3469 873 3546 γελοῖός
848 3494 864 3528 τ
889 3471 920 3529 ἂν
939 3462 1011 3542 ἦν’
984 3496 1032 3533 ουιι

255 3555 411 3634 ἀποτρέπειν
433 3559 478 3612 τοῦ
491 3554 559 3610 πλοῦ
583 3553 651 3613 ἀλλὰ
664 3557 740 3613 πλεῖν
754 3556 974 3635 προτρεπόμενος,
988 3559 1031 3628 οὒς

255 3645 348 3717 ἐδήλου
371 3645 404 3702 τὰ
419 3645 517 3719 σημεῖα
531 3641 568 3717 μή
586 3642 730 3715 ἐπανήξειν.
750 3643 798 3716 Μή
812 3649 870 3705 ποτ’
885 3636 940 3719 οὖν,
957 3651 1030 3730 ρησί,

255 3734 285 3793 τὸ
299 3735 408 3810 σημεῖον
417 3734 447 3791 τὸ
461 3732 531 3791 λίθον
554 3731 672 3811 γενέσθαι
684 3734 845 3813 βραδύτητας
855 3739 909 3812 (ita
927 3737 1027 3812 Beki,

254 3953 317 4004 siout
336 3957 361 4003 et
375 3953 448 4002 Solon
464 3951 548 4004 iecisse
559 3953 647 4003 dieitur
661 3968 738 4017 quum
750 3958 865 4017 poputum
880 3962 977 4021 propter
989 3964 1033 4011 Sa-

259 4040 372 4089 laminem
389 4039 525 4090 concitaret.

630 4159 654 4205 t.

285 4266 322 4314 De
337 4266 388 4316 loeo
406 4267 486 4317 liudis
501 4268 554 4317 libri
573 4266 672 4318 secundi
686 4267 741 4317 inde
758 4281 858 4319 eversu
870 4275 916 4321 305
932 4291 937 4320 :
953 4290 965 4313 ι
981 4273 1031 4320 Nos

253 4354 335 4404 autern
350 4354 496 4417 circumjecti
508 4355 572 4406 eirca
591 4355 695 4413 iontem,
706 4356 781 4406 sacris
796 4358 821 4406 in
830 4357 981 4421 altuinum
1000 4356 1029 4407 nd

253 4454 351 4491 versum
370 4446 416 4493 329
434 4462 441 4492 ι
458 4463 471 4486 ν
486 4444 585 4493 Decimo
600 4448 680 4496 sutem
700 4445 792 4507 (enno)
812 4446 896 4495 urbem
909 4446 1031 4509 capiemus

254 4530 314 4580 uus
328 4529 381 4580 ries
395 4529 522 4580 habentem
533 4551 545 4574 ν
555 4568 563 4593 ,
575 4530 608 4580 ito
622 4531 728 4596 disputet
742 4531 896 4583 Aristoteles:
913 4536 962 4583 Cur
974 4533 1029 4584 cul·

253 4618 312 4667 elus
326 4618 346 4668 si
359 4618 384 4667 id
395 4619 459 4682 quod
476 4622 589 4668 euenerat
603 4619 695 4670 uultum
709 4622 761 4671 eret
772 4620 919 4684 prodigium,
932 4625 958 4671 ut
974 4635 1029 4685 pro·

254 4705 344 4770 digium
359 4705 546 4769 interpretator?
559 4706 622 4766 Quid
635 4707 700 4758 euim
714 4707 802 4758 mirum
817 4708 888 4758 habet
900 4722 1031 4772 passeresn

254 4795 364 4857 serpente
377 4794 456 4844 torosi
473 4794 510 4844 vet
526 4793 599 4845 Aosoe
615 4797 670 4845 octo
684 4800 753 4846 esse?
771 4799 806 4846 De
822 4810 851 4846 eo
871 4800 951 4845 autem
965 4796 1029 4858 quod

254 4894 353 4946 serpens
369 4880 392 4931 iu
410 4880 513 4943 lapidem
534 4885 641 4933 mutatus
658 4885 695 4933 est
714 4883 772 4934 nitur
790 4884 868 4945 dicit,
879 4883 942 4945 quod
958 4893 1031 4944 grave

254 4973 313 5019 eret.
325 4968 377 5020 ltisi
393 4980 451 5017 reru
464 4966 495 5016 de
509 4968 608 5018 ossium
624 4970 743 5020 solutione
755 4970 922 5032 interpretetus
934 4971 985 5030 est,
1004 4972 1030 5017 ut

253 5056 362 5109 nouuulll
375 5054 465 5107 dieunt
485 5057 538 5106 Non
553 5068 612 5106 vero
629 5072 692 5122 opus
706 5060 759 5108 erat
771 5056 865 5118 dicere,
885 5054 953 5105 tacite
966 5055 1029 5105 enim

254 5145 305 5193 ent
318 5141 435 5205 resiluere
448 5140 521 5191 etism
534 5140 555 5190 st
568 5141 648 5191 nullus
661 5141 763 5192 dicebat
776 5143 806 5191 ut
820 5142 878 5190 tune
892 5139 934 5190 ills
944 5139 1030 5192 merito

254 5227 365 5291 dioelsst,
377 5243 452 5293 quum
471 5242 519 5280 non
530 5226 630 5277 dixisset
646 5241 704 5277 num
717 5231 781 5279 esset
795 5226 928 5291 prodigium
946 5241 1029 5279 :nous

251 5316 319 5367 enirn
339 5319 390 5370 eret
408 5322 493 5384 muter,
512 5318 605 5367 decimo
618 5320 697 5366 sutem
720 5329 783 5365 anno
801 5319 870 5380 copta
891 5320 927 5367 est
947 5316 1025 5380 Troia.

1085 639 1162 717 opud
1172 638 1284 698 l'illois
1298 641 1330 749 Ap
1333 636 1381 695 αδδ
1396 638 1530 715 τοῦτολστ
1497 643 1605 713 σημιῖον
1620 627 1664 713 ην,
1673 635 1792 749 ὅπερ
1757 659 1811 708 νοτ
1818 641 1862 698 και

1086 727 1233 837 θγιγόνει,
1225 726 1311 785 καθ’
1285 726 1362 786 ουκέτ
1362 717 1415 798 ’ἦν
1428 724 1538 821 ρρόερόν
1546 723 1663 806 ἐλήρθη
1677 715 1753 784 δ
1720 748 1766 783 συν
1778 724 1861 784 ἔτεσιν

1085 815 1176 874 ἐννέα·
1187 837 1232 873 του
1244 813 1353 874 δεκάτου
1362 813 1413 892 γδρ
1425 796 1653 894 έτουςᾶρχομίνου
1670 813 1781 893 ἐγένετο,
1792 814 1862 893 dput-

1087 912 1131 982 pei
1148 904 1176 961 δε
1166 900 1224 960 ηδ
1238 901 1369 981 ὁλόκληρα
1391 899 1489 978 leth*
1470 923 1538 960 ωστε
1553 897 1683 960 συνόθειθ
1669 903 1752 977 ὀρθῶς
1763 905 1861 981 tapet-

1089 990 1135 1069 μὀς
1148 994 1201 1050 τῶν
1212 990 1386 1048 ἀπολωλότων
1398 991 1506 1061 καὶτῶν
1523 991 1600 1048 istiu.

1128 1078 1163 1136 ln
1183 1097 1216 1137 ea
1239 1090 1321 1156 porte
1344 1076 1434 1153 hujus
1451 1077 1555 1135 scholii
1570 1096 1635 1154 quae
1656 1078 1686 1134 in
1705 1076 1862 1134 asserendis

1090 1167 1214 1225 oliorum
1235 1163 1480 1242 explicationibus
1493 1178 1637 1232 versatur,
1657 1183 1743 1241 quem
1757 1162 1863 1221 Villoi·

1089 1246 1189 1305 sonius
1202 1243 1367 1304 exscribere
1376 1244 1480 1317 noluit,
1494 1245 1606 1313 iterum,
1627 1242 1716 1301 Rusio
1731 1255 1814 1314 teste,
1827 1244 1861 1299 ml

1089 1333 1272 1393 Aristotelem
1286 1344 1475 1411 prouocatur,
1491 1332 1555 1391 cod.
1567 1333 1617 1390 iol.
1630 1351 1666 1403 27
1679 1343 1758 1388 reeto
1772 1327 1822 1389 t‘li
1835 1329 1861 1387 δὲ

1086 1425 1131 1479 τοῦ
1147 1420 1285 1500 δράκοντος
1298 1419 1456 1487 σἰπσλίθωσις
1473 1418 1542 1478 κατὰ
1561 1417 1609 1495 μέν
1623 1417 1861 1499 Ἀριστοτέλην

1086 1507 1134 1582 τήν
1151 1507 1302 1588 βραδύτητα
1316 1507 1409 1575 ἐδήλου
1421 1507 1467 1566 καὶ
1482 1509 1513 1566 τό
1536 1506 1649 1588 σκληρδν
1665 1508 1721 1564 τοῦ·
1734 1503 1859 1581 πολέμου,

1093 1596 1161 1655 κατὰ
1182 1594 1209 1654 δέ
1228 1595 1324 1662 ἄλλους
1337 1592 1383 1664 τήν
1401 1597 1449 1666 τῆς
1461 1597 1561 1662 πολεως
1583 1594 1727 1673 ἐρήμωσιν.
1742 1593 1788 1653 Cf.
1803 1596 1861 1653 Eu·

1086 1683 1171 1742 stoth.
1191 1703 1220 1762 p.
1236 1684 1293 1740 226
1310 1703 1348 1757 ²9
1363 1682 1446 1745 liom.
1463 1683 1505 1741 De
1523 1681 1700 1743 Aristotelen
1717 1681 1859 1759 interpre-

1088 1772 1198 1830 tatione
1214 1771 1331 1829 iortusse
1345 1770 1459 1830 locutus
1477 1786 1520 1829 est
1540 1770 1644 1829 Cicero
1654 1768 1691 1828 de
1705 1769 1804 1828 Divin.
1822 1768 1860 1844 ll,

1090 1859 1224 1933 30:011ae
1240 1863 1353 1916 taudem
1369 1866 1423 1916 ista
1434 1866 1583 1936 augmmio
1594 1872 1634 1915 est
1651 1879 1690 1915 es
1701 1860 1862 1935 passeribus

1088 1968 1223 2005 aureorum
1232 1954 1330 2024 potius
1344 1970 1428 2023 quom
1440 1963 1490 2006 out
1515 1955 1648 2004 niensium
1669 1961 1719 2003 out
1732 1951 1860 2003 dierum?

1089 2037 1146 2093 Cur
1157 2050 1249 2092 autem
1255 2039 1292 2091 de
1294 2040 1465 2112 passerculis
1473 2041 1662 2109 conjecturam
1662 2033 1752 2107 facit,
1767 2040 1795 2090 iu
1804 2042 1861 2110 qui·

1088 2124 1137 2178 bus
1147 2126 1254 2179 nutum
1261 2136 1322 2179 erat
1331 2138 1479 2181 monstrum
1490 2146 1501 2193 ,·
1516 2128 1552 2180 de
1561 2128 1683 2180 dracoue
1693 2127 1763 2192 silet,
1780 2127 1863 2199 quiid

1087 2215 1162 2286 quod
1173 2214 1243 2286 fieri
1259 2230 1315 2269 nou
1321 2220 1421 2290 potuit,
1435 2217 1563 2290 lupideus
1572 2211 1800 2284 dicitursaetns?
1812 2215 1861 2269 Po

1086 2298 1857 2376 strenuoquidsimileliabetpasseronniPQuaeinsclrol.

1087 2385 1160 2443 ALV
1180 2386 1215 2445 ed
1230 2386 1263 2444 lt.
1281 2391 1309 2466 A,
1325 2390 1391 2460 308,
1406 2408 1435 2466 p.
1453 2390 1503 2465 69,
1516 2389 1548 2464 B,
1566 2409 1581 2459 7
1598 2388 1685 2446 lieldt.
1704 2387 1858 2463 leguntur:

1087 2471 1176 2575 Ἰ“ε’ρας
1193 2473 1220 2531 δέ
1235 2473 1266 2532 τὸ
1279 2473 1348 2532 ὀκτὼ
1362 2475 1513 2534 τετοκέναι·
1530 2475 1597 2533 ἔπτὰ
1614 2475 1667 2554 γὰρ
1678 2476 1771 2546 τίκτει,
1797 2490 1858 2533 τίνειν

1088 2562 1127 2621 iis
1146 2563 1321 2622 conferendo
1334 2577 1412 2637 sunt,
1427 2585 1492 2642 quae
1506 2583 1542 2622 ex
1558 2564 1713 2622 Aristotele
1734 2565 1860 2623 servavit

1089 2650 1241 2710 Athenaeus
1254 2651 1306 2727 lll,
1317 2672 1347 2731 p.
1367 2655 1437 2731 391,
1451 2652 1472 2710 F
1486 2673 1494 2711 z
1508 2652 1602 2711 Τι’κτει
1615 2657 1677 2729 γοῦν
1699 2655 1713 2710 δ
1729 2651 1858 2733 στρουθός,

1089 2738 1123 2806 ὥς
1130 2763 1208 2818 φησιν
1217 2739 1242 2800 'A
1252 2740 1380 2820 ριστοτέ
1384 2743 1449 2812 λης,
1459 2740 1504 2798 καὶ
1515 2741 1594 2820 μέχρι
1600 2742 1678 2811 όκτόν,
1687 2738 1819 2798 adlibtos
1826 2739 1859 2796 de

1089 2827 1273 2888 Animalibus
1289 2849 1347 2888 non
1362 2830 1545 2907 superstites,
1556 2829 1654 2908 potius
1666 2842 1762 2885 tamen
1776 2846 1857 2904 quom

1090 2914 1126 2974 nd
1144 2915 1698 2996 llomericnsQuaestiouespertinentia.

1410 3073 1427 3130 ⁵
1452 3072 1544 3151 (170)-

1126 3213 1222 3271 Seltol.
1238 3213 1374 3275 Venet.ll
1395 3212 1430 3271 nd
1445 3212 1532 3272 llind.
1550 3215 1577 3289 A,
1591 3214 1648 3287 649
1664 3211 1788 3292 [Κρήτην
1801 3215 1858 3270 iur-

1089 3300 1243 3380 τόμπολινλ,
1256 3322 1286 3379 p.
1304 3303 1354 3374 87,
1368 3302 1401 3372 ll,
1415 3301 1501 3358 lleltk.
1518 3301 1553 3356 38
1565 3320 1572 3358 τ
1583 3299 1633 3357 Διδι
1646 3297 1671 3355 τί
1690 3299 1799 3357 ἰνταῦθα
1813 3298 1858 3375 μίν

1086 3386 1242 3458 πεποίηκεν,

1148 3529 1225 3579 Ἄλλοι
1240 3532 1260 3577 θ’
1272 3531 1294 3579 οἳ
1310 3531 1402 3594 Κρήτην
1412 3529 1569 3593 ἑκατόμπολιν
1580 3527 1755 3590 ἀμφενέμοντο,

1087 3657 1115 3715 έν
1132 3657 1159 3715 δέ
1175 3661 1208 3738 τῇ
1224 3656 1365 3739 Ὀδυσσείᾳ
1376 3656 1456 3717 εἰπὼν
1471 3655 1510 3715 ότι
1524 3654 1579 3716 ἔστι
1596 3660 1611 3727 ἡ
1628 3652 1720 3736 Κρήτη
1736 3653 1805 3723 καλή
1816 3652 1858 3710 καὶ

1086 3744 1176 3825 πίειρα
1191 3746 1237 3804 καὶ
1247 3745 1399 3826 περίρρυτος
1412 3791 1419 3821 ,

1089 3966 1153 4016 uixit
1169 3967 1240 4028 igitur
1258 3951 1397 4018 Aristoteles
1415 3967 1571 4015 mutationem
1591 3963 1709 4026 serpentis
1722 3962 1747 4010 in
1761 3961 1859 4023 lapidem

1090 4067 1139 4103 non
1151 4054 1181 4104 sd
1199 4055 1302 4105 reditum
1316 4058 1424 4118 speotnre
1441 4072 1448 4103 ι
1466 4051 1623 4116 quamobrem
1640 4062 1684 4100 nee
1696 4048 1814 4099 dicentem
1825 4045 1859 4096 le·

1088 4145 1122 4195 eit
1130 4148 1212 4209 poete3
1223 4159 1300 4209 noque
1311 4145 1468 4195 enimomnes
1479 4142 1558 4193 reditu
1568 4140 1653 4206 primii
1664 4141 1729 4191 suut.
1738 4138 1859 4190 ltidieutus

1084 4232 1170 4284 dume
1183 4234 1299 4285 iuissetsi
1315 4247 1362 4284 nou
1376 4235 1494 4283 averteret
1507 4244 1521 4279 n
1533 4227 1665 4293 navigando
1674 4265 1683 4291 ,
1692 4226 1735 4278 sed
1747 4226 1859 4278 extoru-

1085 4326 1149 4374 tetur
1165 4330 1191 4374 ut
1209 4324 1347 4388 usrigsrent
1361 4336 1419 4386 eos,
1433 4323 1521 4386 quibus
1538 4319 1679 4372 ostendebat
1699 4317 1808 4382 prodigio
1825 4329 1859 4366 re·

1083 4410 1160 4461 ditum
1176 4413 1264 4476 oepit.
1283 4413 1394 4462 Fortasse
1407 4424 1481 4471 vero,
1502 4410 1594 4472 iuquit,
1612 4406 1746 4471 prodigium
1762 4405 1818 4455 illud
1836 4406 1858 4455 in

1084 4498 1173 4562 lapides
1186 4500 1290 4562 mutari,
1301 4499 1463 4550 diutumitntis
1477 4498 1571 4561 signum
1582 4498 1646 4556 eret,
1662 4506 1736 4558 quem
1755 4494 1804 4554 inin
1815 4506 1858 4542 es·

1085 4585 1146 4648 perti
1175 4589 1245 4636 erent
1268 4590 1293 4637 et
1315 4599 1371 4649 que
1403 4585 1461 4636 ntlrll
1482 4582 1630 4634 tormidolosi
1657 4580 1769 4631 lubelut
1787 4579 1857 4635 Troia

1085 4683 1142 4722 vero
1157 4685 1245 4723 norem
1260 4674 1330 4724 ennii
1341 4677 1409 4737 espts
1422 4676 1466 4723 est.
1487 4669 1650 4722 cesiditenim
1663 4669 1761 4719 ineunte
1770 4666 1859 4717 dodun

1083 4771 1158 4821 suno,
1170 4763 1280 4811 numerat
1296 4774 1355 4811 sero
1373 4761 1478 4825 integros
1495 4772 1585 4819 sonos,
1605 4759 1633 4808 ut
1651 4769 1766 4807 numeros
1776 4768 1857 4805 eorum

1083 4845 1123 4912 qul
1138 4846 1255 4910 petierent
1271 4849 1294 4898 et
1309 4860 1427 4898 annorum
1441 4849 1587 4910 congrueret.

1459 4985 1482 5028 5.

1114 5108 1164 5157 cur
1178 5106 1203 5155 iu
1215 5104 1261 5154 troo
1272 5117 1343 5155 versu
1357 5104 1437 5154 lliedis
1453 5123 1460 5153 ι

1136 5218 1268 5276 melque,
1279 5217 1322 5273 qut
1335 5217 1426 5264 cretam
1439 5217 1641 5265 neutum-urbium
1653 5215 1785 5264 tutelerunt

1084 5320 1154 5382 poete
1168 5315 1272 5378 Auem
1281 5315 1389 5379 Odyssea
1400 5328 1458 5365 sero
1467 5315 1541 5379 (xlx,
1556 5311 1753 5402 17³)3'postuuam
1762 5313 1858 5362 cretam
