3959 5900
285 495 342 553 ltu

279 621 388 700 adjecit
415 622 481 681 loco
505 641 594 701 supra
620 621 737 681 laudato
760 624 856 694 τρια·
871 622 945 697 (scil.
974 631 1056 698 qairr-

279 717 415 789 quogn'nta
430 714 483 767 illa
500 714 644 768 uolrttnina
655 712 828 788 Aristotelis)
845 733 864 767 a
878 731 923 767 nte
936 713 1053 767 collecte

280 807 309 856 ιἰι
334 813 426 856 artam
442 819 503 854 cnm
527 805 562 855 iis
575 820 641 875 qnoe
662 805 838 873 ignoraverat
850 818 946 875 quta-so
965 813 996 855 ιιι
1013 802 1053 854 le·

280 902 378 964 genter
392 889 456 943 horti
481 889 645 960 consulant,
662 885 820 962 quominus
840 906 908 945 vera
928 884 1053 943 habean-

281 988 339 1044 tur,
354 973 443 1030 multa
454 986 521 1032 sunt
541 993 606 1051 quae
620 972 793 1051 impediunt,
812 973 853 1030 ita
866 984 898 1030 ut
910 991 964 1030 suo
983 970 1054 1048 jure

281 1060 455 1121 contendere
470 1061 597 1140 potuerit
612 1060 719 1119 Rosius
734 1060 772 1131 (l.
791 1060 811 1118 l.
832 1081 864 1139 p.
890 1058 982 1139 712),
1005 1059 1052 1118 his

280 1147 382 1207 verbis
406 1150 604 1227 praelationem
630 1149 773 1207 contineri
800 1147 870 1207 libri
901 1147 1051 1226 cujusdam

280 1236 340 1316 περὶ
366 1235 448 1316 Ζῴων
464 1257 481 1295 a
495 1257 589 1312 greco
604 1235 731 1314 quodam
747 1237 892 1315 scriptore
907 1255 944 1293 ex
968 1236 1052 1294 Aris·

280 1325 367 1384 tutele
383 1325 524 1404 excerpti,
541 1344 628 1403 quant
644 1324 735 1401 magis
751 1338 857 1383 temere
871 1344 957 1403 quam
970 1343 1051 1397 vere,

280 1415 567 1492 ineptaqueinsupcr
584 1413 649 1471 loco
668 1412 805 1491 positam,
822 1413 852 1470 in
867 1432 951 1471 suum
967 1431 1051 1471 usum

281 1503 474 1560 transtulisset
497 1501 623 1560 Plinius.
647 1501 690 1558 lle
715 1500 769 1559 hac
794 1521 866 1559 vero
892 1501 1054 1578 quaestione

280 1610 339 1648 non
360 1590 452 1666 magis
473 1588 523 1648 hic
544 1590 686 1649 disserere
704 1589 794 1660 lubet,
810 1608 897 1667 quam
911 1588 948 1647 de
962 1588 1053 1646 altera
1086 1662 1091 1673 Β

279 1678 357 1736 haud
373 1680 470 1736 minus
489 1676 597 1748 dubia,
620 1691 717 1734 utrum
738 1677 830 1735 solius
851 1676 942 1753 Trogi
965 1676 1053 1734 Pom·

280 1766 340 1844 peji
365 1765 443 1824 libro
466 1764 502 1824 de
520 1763 703 1823 Animalibus
719 1784 756 1822 an
781 1779 810 1823 et
830 1766 895 1844 ipso
910 1765 1051 1823 Aristote-

281 1856 340 1915 lico
364 1874 453 1934 opere
475 1874 546 1912 usus
563 1853 651 1912 suerit
672 1852 799 1914 Plinius.
826 1852 956 1922 Quorum
980 1852 1051 1910 altc-

279 1964 357 2015 rum,
370 1941 503 2001 adhibito
523 1941 575 1999 illo
595 1941 704 2017 insigni
720 1960 822 2000 errore
843 1941 875 2000 in
899 1960 986 2018 quem
1006 1940 1052 1998 in·

280 2031 354 2091 cidit
366 2032 493 2110 leporem
506 2029 682 2108 adasypode
695 2030 915 2107 distinguendo,
931 2043 960 2089 et
973 2050 1052 2089 novo

279 2121 319 2179 ita
330 2138 510 2198 prorsusque
524 2117 656 2177 inaudito
671 2119 792 2177 animali
805 2117 941 2195 lingendo
956 2118 1049 2199 (llist.

278 2222 338 2270 nat.
353 2207 389 2277 Χ,
408 2209 458 2280 63,
475 2208 512 2265 83
528 2229 537 2280 ;
554 2205 606 2277 xl,
626 2209 676 2285 39,
698 2215 735 2283 94
748 2206 769 2287 l,
784 2206 983 2267 demonstrare
1001 2228 1051 2284 ag·

235 2299 236 2302 ’
278 2315 394 2373 gressus
418 2309 461 2354 est
482 2299 514 2353 A.
540 2315 571 2354 v.
588 2294 782 2366 Gutschmid,
799 2298 868 2353 tiber
893 2299 939 2352 dte
962 2299 1053 2372 Frag-

280 2399 371 2440 mente
396 2387 446 2439 des
473 2385 623 2457 Pompeius
652 2385 767 2459 Thogus,
792 2381 926 2461 Leipzig,
959 2383 1050 2457 1857,

278 2493 307 2550 p.
334 2473 387 2538 ist
410 2489 475 2547 sqq.
499 2467 854 2546 Quomodocunquevero
872 2473 927 2528 ista
947 2488 978 2528 se
1005 2491 1052 2533 res

280 2558 377 2630 lrahet,
393 2559 463 2616 satis
483 2556 661 2614 confidenter
675 2554 821 2615 ailirmare
834 2557 927 2616 audeo
946 2573 1052 2636 praeter

281 2645 445 2705 Aristotelis
467 2642 561 2702 libros
575 2643 611 2702 de
626 2643 810 2704 Animalibus
833 2646 885 2723 qui
911 2659 940 2703 ct
963 2648 1052 2706 hodie

279 2734 449 2813 superstites
469 2745 547 2803 sunt,
561 2731 673 2790 nullum
689 2732 775 2810 plane
793 2734 882 2791 alium
902 2733 1000 2792 Plinio
1014 2737 1051 2795 ad

279 2843 381 2883 mantis
410 2822 508 2881 luisse.
537 2819 596 2879 Nec
624 2820 715 2878 multo
749 2821 833 2880 aliter
858 2821 1050 2899 judicandum

278 2914 336 2972 erit
356 2911 495 2991 inspectis
508 2908 649 2986 Antigoni
664 2910 822 2989 excerptis;
845 2910 955 2989 quippe
978 2932 1052 2989 quo·

278 3022 342 3060 rum
365 3003 422 3059 tria
448 2998 646 3058 tantummodo
670 3011 738 3058 sunt
760 3000 951 3078 edeperditis
966 3001 1051 3061 libris

280 3090 387 3167 petita,
407 3107 497 3164 quum
520 3100 622 3146 contra
646 3095 806 3146 centum‘et
825 3088 881 3145 tria
899 3089 1052 3148 manifesto

279 3189 392 3234 nostros
412 3174 505 3235 libros
528 3187 745 3253 repraesentant,
763 3195 887 3252 quorum
912 3189 941 3233 et
965 3177 1053 3235 ordi-

279 3280 344 3318 nem
361 3261 563 3338 quadantenus
581 3277 696 3322 secutus
719 3275 763 3321 est
780 3276 944 3339 excerptor.
968 3263 1052 3333 Quod

278 3368 349 3406 vero
368 3348 405 3406 ad
427 3367 578 3408 numerum
600 3351 702 3409 attinet
720 3368 805 3427 quem
828 3350 876 3408 isti
892 3365 1011 3422 norunt,
1030 3352 1053 3409 L

279 3438 323 3497 rel
339 3438 425 3496 etiam
440 3435 515 3494 Lxx
529 3437 725 3510 voluminum,
747 3438 833 3515 longe
846 3436 928 3496 abest
940 3453 972 3497 ut
983 3459 1049 3498 eum

278 3524 485 3603 perficiamus,
503 3525 617 3583 etiamsi
638 3537 743 3603 preter
758 3523 851 3584 libros
865 3524 902 3583 ad
916 3525 1053 3585 animalia

278 3626 459 3692 spectantes,
503 3610 554 3689 qui
589 3611 667 3689 apud
700 3611 860 3688 Diogenem
903 3612 1049 3672 laertium

278 3703 466 3762 nominantur
493 3699 680 3777 (tua-107),
711 3713 740 3757 et
762 3721 887 3778 quorum
919 3702 1051 3761 omnium

278 3810 392 3850 sutntna
411 3790 516 3864 viginti
540 3808 597 3846 non
622 3786 735 3846 excedit
751 3789 918 3861 volumina,
936 3809 1051 3868 supers-

278 3879 345 3938 tites
362 3895 479 3955 <quoque
489 3874 582 3934 libros
594 3876 626 3933 in
637 3873 701 3952 ejus
716 3874 813 3940 tabula
826 3878 962 3950 omissos,
978 3899 1051 3956 quo·
1076 3901 1081 3958 Ι

279 3982 404 4041 rumque
419 3962 500 4020 nulla
514 3963 623 4022 mentio
644 3961 721 4042 apud
746 3964 919 4042 scriptorem
939 3966 1052 4026 Galeno
1076 3967 1081 3994 ²

278 4052 474 4129 antiquiorem
483 4053 621 4124 occurrit,
631 4051 667 4109 de
675 4051 845 4111 animalium
854 4053 966 4113 scilicet
979 4054 1051 4114 Par·

277 4139 374 4215 tibus,
388 4138 595 4212 Generatione,
614 4139 706 4212 Motu,
723 4138 861 4218 lngressu
884 4143 915 4200 in
933 4162 1050 4203 tensum

277 4225 474 4298 adhibeamus.
493 4227 581 4286 lllerae
596 4229 688 4305 igitur
711 4225 815 4287 iabulae
839 4244 907 4289 sunt
926 4250 990 4307 quae
1015 4231 1051 4290 de

277 4318 333 4374 ista
344 4315 487 4375 librorum
499 4316 684 4375 multitudine
695 4315 804 4396 abipso
812 4317 1048 4379 Aristotelecon·

244 4412 248 4419 ’
276 4405 452 4484 scriptorum
464 4406 632 4477 traduntur,
641 4424 694 4463 nec
708 4406 800 4463 multo
808 4406 904 4484 pluris
916 4407 1050 4468 iacienda

277 4512 363 4570 quant
391 4513 456 4571 quae
477 4514 514 4552 ex
539 4493 640 4551 ecdem
668 4493 796 4570 satisque
824 4492 943 4553 turbido
971 4497 1050 4556 sonte

277 4582 397 4642 linxisse
408 4583 556 4655 videntur,
565 4581 601 4640 de
611 4581 744 4659 pecuniis
751 4601 824 4659 quas
839 4582 1004 4644 Alexander
1016 4587 1049 4645 in

279 4670 533 4730 Aristotelisusum
541 4671 730 4746 irrogaverat,
738 4668 987 4732 desecationibus
997 4693 1050 4751 per

277 4771 369 4817 tutum
384 4759 531 4818 Orientem
550 4759 692 4818 institutis
706 4771 734 4816 et
752 4780 817 4838 quae
837 4773 905 4819 sunt
918 4759 1052 4837 hujusce·

279 4846 359 4905 modi
379 4850 573 4908 narrationes.
1039 4903 1043 4911 .

318 4934 356 4993 Ut
379 4948 475 4993 tamen
503 4949 534 4994 et
557 4936 614 4995 hoc
643 4935 784 5013 Antigoni
814 4950 842 4995 et
866 4936 976 5007 Plinii,
1004 4939 1050 4997 vel

278 5042 380 5083 corum
391 5043 465 5102 quos
478 5025 570 5083 secuti
581 5038 657 5098 sunt,
666 5026 833 5085 auctoritati
844 5025 1051 5100 concedamus,

279 5131 381 5171 revera
403 5110 550 5171 exstitisse
575 5112 734 5190 aliquando
749 5116 780 5173 in
803 5111 927 5191 quadam
946 5113 1051 5174 biblio·

278 5200 375 5271 theca,
397 5213 468 5279 quot
486 5199 530 5258 illi
546 5199 678 5257 indicant
692 5201 857 5260 Aristotelis
868 5200 989 5260 nomine
1002 5204 1051 5262 in·

278 5290 404 5367 scriptos
418 5287 454 5346 de
468 5285 653 5347 Animalibus
665 5285 768 5363 libros,
780 5289 875 5348 statim
891 5287 965 5348 illud
977 5309 1050 5368 quo·

827 492 1072 554 ARlSTOTELIS
1093 493 1341 554 FRAGMENTA.

1109 642 1166 700 que
1179 623 1396 682 concedendum
1411 623 1485 697 erit,
1504 643 1605 684 eorum
1620 624 1709 700 longe
1728 626 1887 684 maximam

1108 724 1219 788 partem
1229 711 1346 790 spurios
1359 724 1388 769 et
1401 711 1603 789 supposititios
1619 711 1723 784 fuisse,
1739 726 1793 771 aut
1808 713 1887 773 Aris·

1109 799 1205 858 totelis
1216 798 1397 858 nomenideo
1411 812 1520 858 tantum
1535 800 1566 858 in
1579 801 1674 859 fronte
1688 801 1799 860 tulisse
1810 803 1886 878 quod

1107 887 1882 968 egcuuinisphilosophiscriptisconsarcinatierant.

1107 973 1203 1044 Quum
1218 976 1296 1034 eninr
1308 974 1369 1053 jam
1382 975 1412 1032 in
1425 974 1620 1053 Theophrasti
1635 976 1820 1054 scriptorum
1841 996 1886 1033 ca·

1109 1061 1206 1140 talogo
1230 1075 1413 1122 recenseatur
1427 1061 1581 1139 Ἐπιτομῶν
1605 1060 1806 1143 Ἆριοτοτίλους
1828 1064 1885 1142 περὶ

1107 1146 1361 1229 Ζῲων,ιι’β’γ’δ’
1384 1146 1440 1216 ι’ς’
1461 1151 1504 1228 (p.
1536 1171 1585 1222 tt,
1606 1148 1772 1230 AUsen.),
1797 1149 1886 1210 abiis

1108 1238 1238 1316 prolecto
1252 1238 1304 1316 qui
1320 1240 1350 1295 in
1368 1238 1462 1315 priori
1477 1237 1575 1297 indice
1588 1238 1782 1297 nominantur
1799 1238 1849 1317 (p.
1861 1239 1886 1310 5,

1108 1323 1257 1405 ilhid.):
1282 1324 1349 1405 ssepi
1370 1323 1465 1407 Ζῴων,
1485 1323 1522 1399 α’,
1535 1324 1571 1405 β’,
1586 1325 1621 1404 γ’,
1635 1325 1670 1399 δ’,
1687 1326 1721 1397 ι’,
1737 1325 1808 1399 ς’,ζ
1828 1347 1885 1384 ιιοιι

1107 1410 1236 1487 diversi,
1257 1435 1407 1493 quumque
1422 1428 1522 1494 postea
1535 1415 1747 1492 Aristophanes
1775 1415 1885 1492 lignan-

1108 1502 1166 1561 tius
1178 1502 1274 1560 simile
1295 1522 1369 1580 opus
1389 1502 1554 1561 condiderit
1567 1502 1621 1580 (cl.
1640 1501 1759 1571 Nauck,
1778 1511 1885 1559 Armo-

1105 1591 1213 1665 phanr's
1225 1595 1357 1663 Byzantii
1372 1594 1561 1668 Fragttrenta,
1577 1611 1607 1668 p.
1625 1591 1682 1657 480
1698 1610 1746 1667 sq.
1772 1605 1802 1647 et
1823 1611 1884 1667 quae

1107 1678 1203 1738 ccod.
1221 1676 1295 1737 bibl.
1318 1677 1413 1736 Paris.
1440 1698 1486 1753 gr.
1510 1678 1608 1756 suppl.
1629 1678 1686 1754 495
1708 1677 1808 1736 attulit
1832 1679 1883 1735 llo·

1108 1766 1167 1824 sius
1190 1765 1208 1822 l.
1232 1767 1252 1826 l.
1274 1787 1304 1845 p.
1331 1763 1420 1842 283),
1438 1765 1522 1824 facile
1546 1767 1609 1824 lieri
1631 1767 1744 1841 potuit,
1770 1779 1803 1824 ιιι
1819 1768 1883 1825 talia

1110 1853 1362 1932 compendiacum
1382 1855 1476 1933 ipsius
1492 1854 1657 1913 Aristotelis
1679 1853 1771 1914 libris
1784 1875 1882 1913 ntrme·

1109 1956 1255 2001 rarentur.

1149 2029 1223 2088 lluic
1238 2049 1309 2088 vero
1325 2029 1425 2106 generi
1447 2029 1601 2088 manifesto
1620 2027 1811 2088 adscribendi
1822 2045 1883 2089 sunt

1109 2116 1191 2190 libri,
1206 2137 1222 2176 e
1236 2118 1346 2195 quihus
1359 2117 1430 2176 solis
1446 2117 1605 2193 fragmenta
1620 2117 1690 2175 satis
1709 2118 1805 2176 multa
1821 2139 1883 2178 ser·

1108 2218 1265 2279 vitasunt,
1285 2226 1359 2283 quos
1371 2204 1408 2264 ab
1421 2205 1559 2264 Historiis
1580 2205 1753 2264 animalium
1771 2207 1813 2265 ita
1824 2207 1883 2266 dis·

1109 2293 1195 2352 tinxit
1213 2293 1387 2369 Apollonius
1409 2291 1514 2352 Aiirab.
1534 2313 1558 2351 c.
1575 2314 1611 2365 ²7
1631 2314 1637 2349 :
1659 2293 1882 2371 Ἀριστοτέληςέν

1105 2383 1158 2447 τοῖς
1183 2382 1306 2447 Ζωικοῐς·
1327 2381 1374 2439 δύο
1393 2382 1444 2460 γάρ
1471 2382 1535 2439 εἰσιν
1551 2383 1623 2460 αὐτῷ
1645 2384 1848 2461 πραγματεῖαι,
1868 2388 1883 2454 ἡ

1106 2466 1153 2544 pls
1178 2467 1239 2547 περὶ
1263 2466 1363 2549 Ζῴων,
1386 2472 1405 2538 ἡ
1429 2467 1456 2527 δὲ
1482 2465 1542 2546 περὶ
1569 2469 1619 2526 τῶν
1643 2470 1767 2528 hans.
1792 2470 1881 2529 lidem

1108 2571 1202 2616 autem
1231 2571 1298 2616 sunt
1322 2556 1354 2615 hi
1378 2557 1449 2616 libri
1477 2570 1563 2634 atque
1588 2557 1697 2634 quibus
1721 2562 1883 2637 saepissime

1108 2665 1179 2704 usus
1194 2659 1237 2705 est
1253 2645 1421 2717 Athenaeus,
1439 2647 1490 2723 qui
1514 2658 1608 2703 tamen
1623 2645 1655 2704 in
1675 2665 1779 2705 eorum
1798 2648 1882 2706 titulo

1108 2734 1257 2793 alierendo
1269 2735 1345 2793 miro
1360 2752 1477 2811 prorsus
1494 2732 1580 2792 modo
1595 2735 1732 2793 variavit.
1750 2734 1796 2794 lta
1804 2737 1881 2794 enirn

1108 2822 1199 2881 octies
1228 2823 1325 2887 laudnt
1349 2822 1458 2881 librum
1486 2824 1513 2879 ἐν
1543 2823 1581 2901 τῷ
1609 2821 1670 2900 περὶ
1693 2826 1807 2883 Ζωικῶν
1827 2825 1880 2902 [cl.

1108 2910 1881 2990 intr,13,1l,16,17,19,aa,t.1),quibuslocis

1108 3001 1239 3076 quinque
1260 3013 1399 3078 praeterea
1420 2999 1545 3058 addendi
1559 3013 1626 3058 sunt
1646 3000 1697 3059 ubi
1713 3003 1881 3079 manifesto,

1108 3108 1162 3165 pro
1177 3089 1203 3144 la
1218 3090 1255 3166 τῷ
1266 3088 1328 3167 περὶ
1343 3085 1435 3167 Ζῴων,
1450 3088 1529 3164 quod
1543 3088 1575 3146 in
1594 3087 1746 3148 codicibus
1762 3090 1880 3167 legitur,

1106 3178 1166 3256 περὶ
1182 3177 1292 3236 Ζωικῶν
1311 3176 1420 3251 corrigi
1445 3174 1532 3260 debet
1554 3176 1602 3253 (ir.
1621 3197 1667 3247 ιι,
1686 3198 1733 3250 ιι,
1755 3180 1805 3252 23,
1828 3201 1879 3256 29,

1108 3263 1173 3337 34).
1189 3264 1285 3322 Simili
1300 3264 1386 3342 plane
1409 3264 1484 3322 vitio
1506 3265 1577 3323 alibi
1598 3266 1653 3340 (ir.
1678 3271 1732 3342 ¹9)
1756 3270 1882 3327 recurrit

1106 3352 1166 3430 περὶ
1190 3351 1272 3433 Ζῴων
1295 3350 1312 3421 ἢ
1336 3351 1452 3430 ἰχθύων,
1479 3351 1558 3429 quod
1578 3352 1695 3412 duobus
1714 3355 1782 3415 aliis
1808 3357 1881 3416 locis

1107 3441 1219 3500 collatis
1234 3441 1286 3518 (ir.
1307 3461 1340 3496 ιι
1362 3454 1392 3498 et
1413 3443 1449 3498 23
1461 3440 1488 3517 l,
1506 3439 1557 3498 ubi
1580 3454 1657 3498 recte
1681 3441 1788 3518 legitur
1802 3445 1827 3501 ἐν
1843 3446 1880 3522 τῷ

1110 3529 1170 3608 περὶ
1196 3532 1304 3589 Ζωικῶν
1327 3525 1471 3608 inl-gidus,
1493 3530 1696 3606 corrigendum
1717 3546 1771 3593 est.
1787 3532 1881 3591 l‘erba

1106 3617 1212 3676 deinde
1227 3617 1286 3697 περὶ
1310 3618 1420 3675 Ζωνκῶν
1435 3621 1540 3676 omissa
1556 3621 1642 3675 semel
1660 3619 1716 3694 (ir.
1745 3642 1783 3679 ao
1794 3622 1816 3697 l,
1834 3641 1879 3680 se·

1107 3705 1161 3763 mel
1177 3705 1294 3765 inverso
1309 3704 1413 3763 ordine
1435 3706 1531 3783 posita
1546 3719 1614 3766 sunt
1632 3707 1684 3782 (ir.
1706 3710 1777 3786 46).
1801 3711 1881 3768 lluo·

1107 3792 1163 3852 bus
1178 3813 1247 3852 tero
1271 3793 1337 3852 aliis
1352 3793 1425 3852 locis
1438 3793 1547 3870 legitur
1559 3794 1623 3853 sive
1636 3796 1664 3852 ἐν
1684 3797 1724 3876 τῷ
1737 3798 1881 3878 ἐπιγραφο-

1107 3883 1177 3961 μένῳ
1194 3885 1290 3963 Ζωικῷ
1312 3882 1369 3958 (ir.
1391 3881 1455 3960 18),
1479 3883 1542 3941 slve
1566 3883 1592 3940 lu
1616 3884 1653 3961 τῷ
1675 3885 1878 3966 ἐπιγραφομένῳ

1106 3971 1202 4051 Ζωικῷ
1225 3970 1242 4039 ἢ
1267 3969 1327 4051 περὶ
1343 3970 1451 4049 ἰχθύων.
1469 3968 1585 4028 Pactum
1605 3983 1648 4028 est
1666 3971 1793 4049 deinde,
1817 3975 1880 4034 sire

1107 4057 1201 4135 ipsius
1225 4058 1375 4132 Athenaei,
1399 4058 1464 4116 sive
1478 4056 1671 4117 librariorum
1687 4060 1878 4137 negligentia,

1106 4159 1139 4203 ut
1164 4145 1320 4224 aliquoties
1346 4145 1422 4204 libet·
1447 4142 1508 4223 περὶ
1528 4143 1634 4224 Maplon
1652 4146 1724 4204 l'slso
1742 4167 1798 4224 pro
1820 4151 1881 4227 περὶ

1107 4236 1218 4295 Ζωικῶν
1253 4235 1454 4293 nominaretur
1482 4233 1535 4312 (ir.
1566 4254 1620 4306 27,
1652 4235 1706 4307 38,
1737 4238 1788 4306 43,
1812 4237 1878 4318 ιι).

1104 4323 1196 4394 Quem
1210 4323 1301 4396 enim,
1315 4322 1413 4382 nescio
1425 4341 1482 4397 qua
1494 4322 1531 4381 de
1543 4341 1639 4394 causa,
1652 4321 1713 4401 περὶ
1728 4321 1811 4404 Ζιξων
1821 4327 1877 4386 lio-

1107 4412 1168 4491 ρίων
1191 4410 1327 4471 inscribit
1342 4410 1471 4483 librum,
1488 4411 1567 4470 hune
1581 4410 1618 4468 ab
1640 4430 1676 4469 eo
1690 4413 1742 4489 qui
1762 4413 1881 4490 quintus

1106 4502 1136 4559 in
1160 4500 1298 4561 Historiis
1328 4499 1499 4559 animalium
1529 4512 1700 4558 numeratur
1727 4499 1877 4561 diversunt
1966 4537 1967 4540 ν

1105 4608 1164 4647 ιιοιι
1199 4589 1306 4662 luisse,
1334 4587 1463 4647 sexcenti
1487 4587 1644 4647 ostendunt
1670 4586 1744 4658 loci,
1777 4589 1877 4648 eodem

1105 4675 1190 4752 plane
1202 4676 1301 4749 modo,
1315 4696 1374 4755 quo
1389 4694 1474 4754 quem
1487 4674 1547 4753 περὶ
1558 4677 1609 4733 τῶν
1626 4674 1708 4756 Ζῴων
1721 4675 1809 4736 Ἠθῶν
1825 4700 1879 4737 νο·

1104 4782 1170 4820 care
1190 4763 1264 4821 solet
1284 4763 1373 4839 (Vll,
1399 4764 1464 4832 aila,
1495 4763 1536 4836 Ε,
1555 4765 1631 4838 307,
1658 4764 1718 4844 C),
1749 4766 1879 4844 ejusdem

1105 4851 1203 4929 operis
1220 4871 1330 4910 tronum
1352 4864 1561 4930 repraesentat,
1588 4873 1679 4930 quum
1700 4868 1803 4913 contra
1827 4856 1879 4932 qui
1925 4908 1927 4911 .

1105 4938 1192 4998 hodie
1218 4957 1313 4997 nonus
1335 4937 1478 5010 habetur,
1505 4952 1625 5000 octavus
1655 4940 1794 4999 Athenaeo
1818 4955 1880 5000 erat

1105 5028 1210 5108 (Cous.
1237 5028 1343 5106 Deipn.
1366 5024 1424 5099 lx,
1455 5029 1530 5102 387,
1555 5032 1577 5087 B
1607 5049 1615 5087 ι
1645 5028 1827 5107 Ἀριστοτέλης
1851 5031 1879 5087 is

1099 5111 1182 5194 Ιὀγδόῃ
1198 5109 1279 5195 Ζῴων
1299 5114 1415 5194 ἱστορίας
1429 5143 1469 5166 =
1482 5116 1559 5176 liisl.
1574 5118 1664 5176 anim.
1677 5114 1736 5189 IX,
1753 5127 1808 5194 49,
1827 5119 1877 5194 b).

1107 5202 1178 5262 lnde
1194 5201 1278 5262 lacile
1292 5203 1473 5283 perspicitur
1496 5201 1606 5284 duplex
1618 5205 1803 5265 statuendum
1818 5224 1879 5264 esse

1108 5311 1200 5369 genus
1213 5290 1387 5350 librorume
1407 5313 1467 5370 quo
1492 5294 1580 5351 ducta
1601 5306 1670 5352 suut
1694 5293 1793 5351 omnia
1805 5313 1869 5370 quae
