3959 5900
771 462 775 471 '
844 463 1009 529 nulum.
1684 478 1724 539 47

121 593 191 671 έχειν
207 591 264 667 ἅμα
301 591 417 652 άπτοντα
442 592 487 651 καί
502 591 546 651 τὸν
566 591 694 672 Κράτητα
717 595 807 653 εἰπεῖν·
826 593 899 669 Ἐγώ
953 597 1148 678 φιλοσοφητέον.
1174 597 1315 657 Τουτίστιν
1338 601 1379 659 ότι
1412 602 1434 659 εί
1458 600 1530 679 λέγει
1548 624 1586 670 τις
1609 602 1647 678 μὴ
1658 599 1725 667 εἶναι

121 679 266 755 μοιδοκῶ,
280 704 303 738 οι
324 680 454 758 Φιλίσκε,
465 679 573 762 γράφειν
595 683 631 748 είς
648 681 678 740 σέ
700 686 898 762 προτρεπτικόν·
952 683 1119 765 φιλοσοφίαν,
1132 684 1279 752 ἀποδείξεσι
1292 685 1436 766 κέχρηται,
1448 686 1567 760 δηλονότι
1580 692 1724 772 φιλοσοφοῖ·

123 765 208 829 πλείω
224 767 275 845 γάρ
292 771 344 846 ipo
362 790 404 830 σοι
424 770 578 849 ὑπάρχοντα
590 768 655 849 πρὸς
677 769 706 828 τό
724 772 897 851 φιλοσοφῆσαι
952 769 1041 851 μήτηρ
1054 769 1105 852 γάρ
1127 775 1179 830 τῶν
1200 771 1385 847 ἀποδείξεωνὴ
1401 775 1549 857 φιλοσοφία.
1568 775 1632 838 Elec
1653 778 1725 857 λέγει

121 845 160 913 ὧν
175 854 287 933 ἔγραψεν
300 853 491 934 Ἀριστοτέλης.
718 878 720 883 ’
952 849 1021 963 elpes
1044 859 1314 973 φλοσοφίαν,,πάλιν
1337 864 1481 974 φιλοσοφεῖ·
1500 864 1647 934 άπσόείξεσι
1673 866 1724 949 γάρ

451 1010 480 1049 ²·
507 988 575 1067 pc.)
953 947 1726 1114 κείίξίῖίὲιῖἒίιῗίιῖἶιίίίίίἶιῗὶίίἴῖίίιποια

162 1120 387 1198 Alex.Aph1·od.
405 1122 436 1180 iu
455 1121 546 1180 Arist.
561 1122 637 1199 Top.
658 1141 688 1199 p.
700 1120 738 1178 80
760 1119 805 1201 (p.
826 1124 896 1194 266,
952 1123 1053 1181 retulit
1066 1122 1168 1181 Cicero
1189 1125 1220 1183 in
1242 1125 1397 1185 Hortensio
1414 1128 1467 1204 (de
1485 1149 1545 1206 quo
1565 1129 1642 1189 libro
1655 1134 1725 1209 quid

121 1208 159 1279 i,
176 1208 210 1265 τό
229 1207 347 1287 Brund.)
364 1230 372 1266 ε
391 1205 473 1269 Ἔστι
487 1207 514 1266 δέ
529 1210 570 1288 έφ’
584 1199 620 1267 dn
634 1207 681 1267 καὶ
694 1207 781 1267 πάντα
796 1207 830 1266 τά
850 1233 898 1282 ση-
952 1208 1011 1268 sibi
1035 1211 1126 1269 velint
1154 1232 1219 1289 quae
1244 1214 1380 1290 leguntur
1401 1215 1479 1292 apud
1499 1215 1628 1279 Trebell.
1658 1219 1726 1278 Pol·

120 1295 267 1371 μαινόμενα
280 1294 459 1371 λαμόάνοντες
478 1297 548 1355 έστιν
565 1297 607 1356 liei
620 1295 724 1356 πάντων
739 1297 824 1355 αὐτῶν
837 1298 899 1355 iio·
952 1297 1024 1355 lion.
1041 1298 1072 1355 in
1085 1297 1150 1357 vita
1162 1299 1289 1360 Gallieni
1301 1300 1450 1375 Salonini,
1464 1325 1490 1361 c.
1503 1325 1520 1362 a
1533 1324 1541 1364 :
1556 1308 1617 1363 Nec
1630 1314 1727 1381 ignoto
1767 1358 1769 1362 ,

120 1383 259 1451 σκευάζειν
279 1382 310 1443 τό
323 1382 451 1459 κείμενον·
466 1375 519 1444 οἷον
535 1385 558 1442 εἰ
576 1382 647 1461 λέγοι
667 1406 706 1450 τις
729 1382 770 1443 ότι
784 1383 822 1459 μὴ
842 1383 896 1464 χρὴ
950 1405 1009 1441 csse
1026 1387 1147 1443 arbitror
1165 1409 1229 1463 quoe
1247 1392 1322 1447 dixit
1337 1393 1379 1447 M.
1406 1394 1511 1447 Tullius
1529 1400 1558 1449 io
1574 1398 1726 1468 Hortensio,

118 1472 281 1550 φιλοσοφεῖν,
294 1470 352 1531 imi
364 1473 511 1552 φιλοσοφεῖν
522 1471 627 1551 λέγεται
640 1470 685 1531 καλ
697 1471 728 1531 τό
736 1474 823 1542 ζητεῖν
835 1471 898 1531 αὐτὸ
951 1492 1031 1547 φασιν
1050 1477 1091 1529 ad
1099 1479 1258 1551 cncmplmn
1275 1481 1436 1553 Protreptici
1447 1485 1567 1555 scripsit,
1582 1481 1634 1539 vix
1647 1481 1726 1559 diju-

118 1563 198 1619 τοῦτο
210 1557 263 1618 είτε
272 1559 326 1640 til
341 1561 490 1640 φιλοσοφεῖν
505 1559 557 1619 εἴτε
573 1559 618 1619 καί
632 1557 685 1636 μὴ,
700 1562 737 1625 ὥς
751 1549 822 1618 εἶπεν
838 1560 896 1617 αὖ·
951 1559 1044 1618 dicari
1067 1561 1152 1638 licet)
1169 1575 1239 1622 teste
1253 1563 1417 1636 Lactantio,
1429 1561 1525 1626 lostit.
1551 1566 1644 1626 divin.
1664 1568 1724 1641 ΙΙΙ,

117 1644 174 1713 τθς
188 1647 218 1726 (θ
232 1645 431 1726 Ἀριστοτέλης)
446 1652 472 1709 ίν
487 1651 526 1728 τῷ
539 1650 749 1729 Προτρεπτικῷ,
766 1647 898 1707 άλλόνιιαί
957 1647 1018 1706 16:
1043 1650 1183 1705 Ciceronis
1206 1653 1376 1720 Hortensius,
1398 1665 1494 1708 contra
1516 1655 1726 1732 philosophiam

118 1732 152 1791 τὸ
167 1737 215 1803 τὴν
236 1732 377 1815 φιλόσοφον
393 1735 501 1815 θεωρίαν
521 1734 652 1809 μετιέναι,
670 1736 793 1814 ἑκάτερον
813 1737 898 1796 αὐτῶν
952 1737 1104 1804 disserens,
1144 1743 1353 1797 circumvenite
1389 1754 1491 1813 arguta
1533 1747 1725 1812 conclusione,

120 1821 251 1890 δείξαντες
269 1824 363 1882 οἰκεῖον
384 1825 423 1904 τῷ
444 1821 585 1904 ἀνθρώπῳ,
608 1824 771 1903 πανταχόθεν
786 1824 897 1902 άναιρή-
952 1826 1044 1897 quod,
1066 1844 1149 1898 qmtm
1172 1827 1275 1881 diceret
1293 1827 1547 1901 philosophmtdum
1574 1851 1630 1887 non
1648 1852 1725 1905 esse,

122 1932 205 1982 συμεν
220 1909 251 1968 τὸ
265 1909 408 1985 τιθέμενον.
423 1910 488 1971 ’Eut
508 1909 556 1988 μέν
571 1900 616 1970 οὖν
633 1911 731 1971 τούτων
747 1913 898 1993 κατ’όμφιο
952 1908 1040 1966 nihilo
1059 1915 1149 1966 minus
1168 1911 1364 1986 philosophari
1387 1914 1565 1970 uidebatur:
1595 1925 1726 1991 quoniam

117 1997 255 2077 ἐνδέχεται
265 1998 455 2059 δείκνυσθαιτθ
467 1998 648 2078 προκείμενον,
664 2000 708 2060 net
721 1998 749 2059 ii
763 2003 815 2059 τῶν
827 2001 899 2080 cpis-
949 1998 1110 2073 philosophi
1129 2012 1180 2065 cst,
1199 2002 1267 2074 quid
1280 2006 1308 2055 in
1328 2006 1389 2056 vita
1400 1999 1583 2072 faciendum,
1603 2008 1654 2061 vel
1671 2026 1727 2062 non

118 2110 172 2144 των
190 2086 413 2165 παραδειγμάτων
426 2088 476 2146 οὐκ
492 2088 536 2147 ἰπὶ
551 2086 657 2146 πάντων
672 2086 731 2145 ἀλλ’
750 2088 769 2158 ί,
785 2087 818 2145 δι’
834 2090 898 2147 έκα-
943 2082 1113 2154 faciendum
1151 2094 1204 2156 sit,
1239 2091 1397 2164 disputare..
1420 2087 1557 2164 Ejusdem
1593 2095 1726 2153 meminit

116 2173 196 2254 τέρου
211 2173 229 2245 ἢ
247 2174 278 2233 έκ
292 2197 380 2234 τινοιν.
952 2171 1151 2242 Quintilianus
1170 2173 1240 2232 lnst.
1252 2176 1330 2235 Orat.
1345 2175 1381 2248 V,
1397 2197 1449 2253 ιο,
1466 2198 1503 2252 7⁰
1520 2184 1656 2239 :Interim
1670 2186 1726 2241 duo

158 2268 255 2322 Αιιοιι.
278 2261 371 2320 schol.
386 2260 446 2340 περὶ
462 2263 514 2320 τῶν
528 2262 604 2320 εἰδῶν
617 2261 725 2321 πάντων
741 2266 787 2320 τοῦ
802 2263 898 2321 συλλο-
952 2265 993 2316 ita
1003 2275 1204 2336 proponantur,
1224 2277 1254 2319 ut
1274 2264 1433 2321 utrumlibet
1446 2268 1562 2323 electum
1583 2273 1655 2326 idem
1675 2271 1728 2343 of·

117 2352 230 2424 γισμοῦ,
244 2347 336 2406 ecod.
351 2348 446 2409 Paris.
465 2349 541 2417 2064
557 2349 635 2425 apud
650 2348 769 2411 Rosiutn
786 2351 900 2410 ιΤοιοῦ·
944 2350 1045 2426 ficiat,
1059 2354 1216 2425 quaeest:
1230 2378 1242 2401 ι
1262 2354 1517 2428 Philosophandum
1538 2370 1581 2412 cst
1602 2364 1729 2414 etiamsi

116 2456 161 2499 τος
185 2432 212 2492 δὲ
236 2434 489 2514 (παρασυνημμένος
505 2436 586 2514 scil.)
601 2436 647 2495 καὶ
667 2440 682 2495 ό
706 2435 899 2514 Ἀριστοτέ-
952 2456 1007 2492 non
1037 2452 1078 2495 est
1105 2441 1360 2516 philosophandmn
1383 2468 1407 2502 ο.
1436 2440 1482 2502 Cf.
1507 2456 1648 2521 praeterea
1672 2449 1726 2503 Ar·

117 2523 193 2590 λους
208 2520 284 2600 λόγος
305 2522 333 2579 έν
356 2525 394 2601 τῷ
407 2525 620 2603 Προτρεπτικῷ·
639 2522 692 2581 εἴτε
712 2524 899 2604 φιλοσοφητέον
954 2525 1029 2583 rian.
1048 2526 1191 2604 Disputat.
1207 2527 1330 2605 Epictet.
1348 2526 1389 2599 ll,
1413 2529 1462 2590 αὖ.

112 2608 171 2667 εἴτε
186 2612 224 2684 μὴ
239 2606 436 2691 φιλοσοφητέον,
453 2609 651 2690 φιλοσοφητέον.
665 2609 746 2671 Ἀλλά
757 2608 810 2686 μὴν
825 2610 842 2682 ἢ
856 2633 900 2691 φι-

116 2698 278 2777 λοσοφητέον
302 2697 320 2769 ἢ
341 2700 371 2757 οὐ
389 2699 587 2779 φιλοσοφητέον·
602 2698 707 2766 πόντιος
726 2698 779 2779 ἄρα
794 2703 897 2779 φιλοσο-
1198 2718 1263 2778 χιι,
1287 2719 1481 2779 ΕΥΔΗΜΟΣ·

120 2785 227 2865 φητέον.
237 2788 362 2853 Τοιοῦτος
378 2786 423 2846 καί
439 2785 607 2853 όΠλάτωνσς
621 2788 648 2846 έν
662 2790 701 2867 τῷ
719 2787 894 2869 Πρωταγόρᾳ.

118 2876 165 2934 Cf.
189 2874 361 2954 Olympiod.
385 2876 417 2933 in
443 2874 515 2933 Plat.
530 2874 628 2937 Alcib.
649 2896 680 2956 p.
701 2877 755 2946 ¹45
776 2876 893 2952 Creuz„
993 2873 1085 2941 Quem
1100 2871 1211 2949 duplici
1222 2873 1308 2932 titulo
1320 2888 1482 2932 memorant
1493 2874 1642 2953 dialogum
1658 2878 1727 2938 Plu·

118 2964 171 3042 qui
191 2963 339 3041 respicere
353 2962 669 3037 videturTheaetetum,
685 2986 715 3042 p.
733 2986 798 3038 ¹7⁰·
951 2959 1067 3019 tarchus
1083 2959 1199 3019 Consul.
1219 2960 1255 3018 ad
1268 2960 1407 3039 Apollon.
1421 2983 1448 3023 c.
1463 2985 1498 3035 ορ
1514 2977 1542 3022 et
1560 2963 1727 3044 Simplicius

161 3050 329 3131 Olympiod.
345 3051 378 3110 in
390 3050 569 3113 Plaunleib.
586 3073 615 3131 p.
629 3060 684 3122 144
698 3053 802 3112 Creuz.
818 3073 826 3108 ε
844 3050 899 3112 Καὶ
953 3049 985 3106 in
1004 3049 1123 3108 Aristot.
1142 3048 1178 3106 de
1196 3049 1303 3107 Anima
1318 3049 1369 3110 sol.
1391 3051 1429 3107 62
1452 3066 1547 3126 recto,
1572 3053 1694 3130 Εὔδημον
1710 3057 1727 3128 ἢ

120 3137 368 3218 Ἀριστοτέλης
399 3139 447 3217 μέν
480 3142 507 3199 έν
533 3144 573 3222 τῷ
593 3142 783 3220 Προτρεπτικῷ
813 3142 899 3218 ἔλεγεν
954 3134 1015 3213 περὶ
1029 3138 1130 3217 ψυχῆς,
1145 3135 1234 3212 hujus
1247 3137 1364 3195 nonnisi
1379 3136 1438 3216 περὶ
1453 3141 1553 3218 Ψυχῆς
1569 3139 1594 3198 α’
1613 3144 1727 3202 titulum

121 3225 164 3285 ὅτι
182 3225 236 3285 εἴτε
252 3226 455 3309 φιλοσοφητέον,
479 3228 676 3309 φιλοσοφητέον·
697 3226 750 3287 εἴτε
768 3226 806 3303 μὴ
825 3228 899 3309 φιλο·
955 3224 985 3281 ln
1010 3222 1159 3282 indicibus
1186 3238 1338 3302 apponunt
1368 3226 1452 3302 Diog.
1478 3225 1572 3287 laert.
1604 3230 1675 3309 (13)
1700 3246 1728 3291 et

123 3314 265 3396 σοφητέον,
290 3314 494 3397 φιλοσοφητέον,
518 3315 623 3384 πόντιος
645 3313 673 3375 δέ
699 3314 896 3397 φιλοσοφητέον.
955 3315 1126 3389 Λιιυιιγιιιιιε
1140 3312 1148 3388 l
1158 3312 1228 3390 ιλ),
1240 3313 1328 3371 ceteri
1342 3333 1412 3372 vero
1427 3315 1490 3373 sive
1500 3313 1660 3374 Eudemum
1677 3338 1729 3376 vo·

119 3400 200 3461 Elias
216 3401 331 3479 Proleg.
348 3403 462 3463 Philus.
485 3424 515 3482 p.
534 3425 563 3477 7,
580 3405 617 3476 A,
641 3403 826 3465 iterandis.
851 3404 897 3462 Cf.
954 3412 1020 3458 cant
1042 3401 1105 3459 sive
1129 3397 1274 3476 dialogice
1296 3413 1407 3459 tantum
1432 3401 1524 3461 forma
1546 3424 1563 3461 a
1584 3402 1669 3462 libris
1694 3406 1730 3462 de

119 3493 216 3551 Ceam.
240 3491 368 3554 Aneedd.
388 3491 485 3551 Paris.
515 3490 612 3567 th,
631 3512 662 3569 p.
685 3491 739 3568 391
763 3513 770 3551 ι
794 3491 834 3552 Ἣ
855 3492 900 3551 καὶ
955 3487 1062 3546 Anima
1087 3487 1283 3563 distinguunt.
1308 3493 1351 3547 De
1379 3491 1533 3550 occasione
1566 3511 1624 3568 qun
1654 3495 1729 3550 scri-

118 3580 155 3643 ὣς
179 3574 258 3657 φησὶν
276 3575 517 3657 Ἀριστοτέλης
536 3580 564 3637 έν
582 3582 620 3658 τῷ
638 3581 828 3659 Προτρεπτικῷ
846 3579 901 3637 έπι-
955 3588 1022 3653 ptus
1046 3589 1089 3634 est
1110 3575 1262 3651 dialogus,
1288 3575 1328 3634 ita
1354 3591 1452 3635 narrat
1478 3577 1651 3636 Plutarchus
1667 3580 1728 3635 vita

116 3665 312 3744 γεγραμμένῳ,
331 3656 399 3744 lvi}
428 3665 570 3743 προτρέπει
593 3664 653 3731 τοὺς
681 3665 753 3734 νέους
772 3667 836 3745 πρὸς
857 3690 899 3747 φι·
955 3662 1062 3721 Dionis
1076 3684 1103 3723 c.
1118 3685 1154 3722 aa
1173 3687 1180 3718 z
1199 3663 1382 3742 Σονέπραττυν
1396 3663 1424 3722 δὲ
1440 3663 1492 3743 (τῷ
1504 3662 1585 3721 Δίωνι
1599 3662 1727 3737 scilicet,

117 3752 257 3832 λοσοφίαν.
271 3751 347 3822 Φησὶ
368 3751 419 3831 γὰρ
430 3750 520 3817 σίτοις·
534 3754 569 3811 Εἰ
584 3753 631 3828 μέν
646 3754 842 3833 φιλοσοφητέον,
858 3776 899 3834 pi·
954 3768 1045 3825 quum
1055 3750 1143 3807 armis
1157 3748 1313 3826 Syracusas
1321 3750 1429 3807 reverti
1439 3760 1603 3819 conaretur,
1613 3749 1728 3828 Olymp.

116 3835 291 3914 λοσοφητέον,
307 3837 353 3894 καί
373 3838 395 3894 εί
417 3836 455 3912 μὴ
479 3837 681 3917 φιλοσοφητέον,
700 3837 898 3916 φιλοσοφητέον·
958 3838 1026 3910 106,
1040 3840 1073 3912 l)
1086 3836 1131 3895 καί
1144 3839 1195 3894 τῶν
1203 3838 1344 3894 πολιτικῶν
1354 3836 1446 3895 πολλοὶ
1460 3836 1504 3893 καὶ
1517 3837 1568 3892 τῶν
1583 3835 1728 3917 φιλοσόφων

114 3927 223 3990 πόντιος
254 3923 305 4004 ipo
331 3923 533 4006 φιλοσοφητέον.
562 3923 705 3985 Τουτέστιν
730 3926 752 3983 τί
780 3925 828 4002 μέν
848 3925 899 4008 γάρ
955 3922 1292 4002 ότεΚόπριοςΕὗδημος,
1312 3921 1635 4002 είςὸνἏριστοτέλης
1659 3926 1728 3982 sisto—

117 4015 191 4086 ἔστι,
217 4011 320 4079 πάντως
344 4012 480 4094 ὀφείλομεν
503 4014 650 4094 φιλοσοφεῖν
670 4010 749 4085 οὔσης
771 4015 860 4086 αὐτῆς·
876 4017 899 4074 εί
955 4011 1066 4071 θανόντα
1086 4011 1130 4070 τὸν
1144 4009 1205 4088 περὶ
1218 4013 1304 4091 ψυχῆς
1326 4009 1444 4087 διάλογον
1468 4009 1590 4080 ἐποίησε,
1613 4011 1658 4068 καὶ
1677 4015 1728 4072 Τι·

118 4101 147 4159 δέ
162 4100 200 4177 μὴ
215 4099 286 4170 ἔστι,
306 4099 351 4158 καὶ
366 4099 447 4167 οὕτως
464 4100 601 4182 ὀφείλομεν
615 4104 701 4173 ζητεῖν
715 4104 772 4169 πῶς
783 4103 829 4160 οὐκ
843 4100 899 4162 ἔστι
955 4101 1069 4178 μωνέδης
1083 4099 1255 4165 όΛευκόδιος.
1268 4096 1435 4168 Συνέστησαν
1445 4096 1472 4155 δὲ
1483 4096 1528 4155 καὶ
1541 4098 1644 4158 Μιλτειν
1656 4101 1729 4179 αὐτῷ

117 4186 271 4268 φιλοσοφία.
300 4190 445 4259 Ζητοῦντες
470 4189 497 4248 δέ
525 4190 732 4270 φιλοσοφοῧμεν,
756 4190 846 4262 ἐπειδὴ
869 4190 898 4249 τὸ
954 4187 999 4246 τὸν
1014 4187 1169 4259 Θεσσαλόν,
1182 4185 1263 4266 ἄνδρα
1277 4184 1370 4262 μάντιν
1383 4185 1427 4243 καλ
1442 4187 1624 4265 μετεσχηκότα
1638 4193 1685 4261 τῆς
1700 4194 1726 4248 ἐν

115 4279 205 4348 ζητεῖν
227 4275 300 4333 αῖτίοι
323 4280 369 4349 τῆς
397 4276 553 4361 φιλοσοφίας
573 4278 653 4338 ἐστίν.
682 4278 777 4337 David
797 4278 898 4336 Prole·
956 4274 1118 4354 Ἀκαδημείᾳ
1147 4273 1290 4351 διατριόῆς.
1327 4274 1389 4350 (Cf.
1416 4274 1500 4332 Plato
1526 4277 1618 4352 Epist.
1644 4277 1726 4351 Vlli,

120 4384 200 4440 gom.
217 4365 326 4423 Philos.
344 4386 373 4444 p.
395 4367 441 4437 13,
461 4372 497 4438 A,
515 4387 532 4424 α
548 4365 659 4426 Brand.
680 4367 746 4427 coll.
765 4388 791 4426 c.
810 4366 894 4429 codd.
954 4366 1077 4448 Diodor.
1094 4360 1504 4440 Bibt.xv1,36}.uiaiogum
1517 4365 1624 4422 nonita
1635 4367 1727 4425 multo

117 4452 230 4510 Pariss.
250 4472 341 4527 1900,
356 4454 445 4524 2723,
463 4454 540 4530 2089
557 4474 575 4512 a
590 4453 678 4513 Rosio
694 4476 700 4511 :
719 4452 773 4514 Καὶ
786 4456 799 4511 ό
814 4451 896 4528 Ἀρι·
953 4465 1019 4531 post
1032 4452 1144 4510 obitum
1155 4450 1275 4509 Eudemi
1285 4450 1481 4528 conscriptum
1493 4468 1555 4509 esse
1573 4452 1727 4514 verisimil-

119 4537 277 4610 στοτέλης
304 4538 331 4598 δὲ
365 4539 391 4598 έν
425 4564 475 4598 τινι
504 4543 692 4622 προτρεπτικῷ
724 4544 803 4601 αὐτοῦ
833 4564 895 4620 συγ·
952 4540 1116 4598 limmnest.
1132 4543 1206 4596 Num
1220 4540 1305 4595 etiam
1318 4551 1383 4614 post
1395 4537 1506 4597 obitum
1519 4538 1649 4599 Platonis
1662 4542 1725 4618 (01.

116 4626 271 4707 γράμματι,
291 4630 317 4686 ἐν
345 4617 367 4708 ᾧ
391 4628 571 4709 προτρέπεται
591 4629 650 4697 τοὺς
669 4629 741 4697 νέους
757 4629 801 4688 ἐπὶ
821 4630 894 4711 φιλο·
955 4631 1023 4700 108,
1043 4631 1073 4707 1)
1089 4630 1187 4699 suerit,
1199 4628 1230 4685 id
1244 4647 1303 4684 non
1321 4629 1413 4702 magis
1425 4628 1570 4711 affirmare
1590 4629 1725 4686 auderem

118 4712 225 4793 σοφίαν,
246 4712 317 4792 λέγει
335 4712 375 4773 ότι
398 4713 450 4773 είτε
470 4715 508 4791 μὴ
529 4717 734 4797 φιλοσοφητέον,
753 4720 896 4798 φιλοσοφη-
953 4738 1038 4797 qnam
1053 4716 1132 4795 quod
1152 4715 1227 4774 idem
1245 4715 1349 4773 Rosius
1364 4717 1478 4785 statuit,
1500 4735 1663 4775 sermonem
1677 4716 1725 4774 lin·

119 4800 196 4875 τέον,
223 4800 276 4859 slis
300 4802 503 4883 φιλοσοφητέον,
525 4803 728 4885 φιλοσοφητέον,
750 4805 853 4873 πάντως
868 4803 895 4864 θλ
952 4808 1046 4864 bitum
1063 4806 1139 4862 inter
1154 4803 1301 4862 Platonem
1325 4816 1353 4861 et
1366 4803 1525 4862 Eudemum
1539 4804 1638 4875 luisse,
1652 4824 1725 4882 pite-

118 5019 262 5071 moditntum
283 5020 313 5070 nd
340 5022 556 5087 philosophandum
575 5038 639 5088 esse,
666 5039 739 5089 qnam
760 5024 897 5075 Themisoni
952 5037 1049 5087 operam
1059 5036 1147 5074 navare
1160 5022 1243 5073 deceat
1254 5033 1337 5082 necne,
1351 5022 1417 5070 omni
1432 5020 1504 5071 modo
1514 5020 1669 5083 philosophice
1681 5032 1726 5081 ope

118 5108 258 5159 inuolues
273 5108 387 5173 οῖιῖῖαῖιιεε
399 5111 530 5175 scripserit.
952 5109 1166 5175 quaerendumne.

495 5207 509 5250 l

150 5285 292 5336 Aristoteles
305 5285 366 5337 dixit
387 5287 411 5337 in
434 5288 607 5351 Protreptioo:
632 5291 719 5339 Utrum
740 5285 897 5351 philosophie
