3959 5900
819 456 1070 523 PRORLRMATA

142 584 237 646 Puris.
253 586 338 661 1570,
352 609 380 667 p.
394 587 443 659 35,
459 586 564 647 scida
581 607 606 647 s.
626 608 655 645 v.
665 587 798 662 ’bradua
813 589 911 654 schot.

144 675 298 752 Apollonii
313 675 366 736 Rb.
382 674 432 747 w,
448 677 517 752 269.

462 810 479 866 3
504 809 592 886 (360).

185 910 290 1018 Incipit
299 943 371 1000 liber
381 946 553 1001 Aristotel
560 949 589 999 is
601 946 638 1000 de
650 947 834 1002 inundacione
841 948 912 1005 Nili.

1680 478 1737 537 itu

969 596 1162 653 Clasomemus
1164 610 1282 672 propter
1291 602 1428 677 liquefieri
1438 609 1532 661 niuem
1543 615 1738 682 estatempleri

965 683 1085 747 fluuium
1109 688 1162 741 ait.
1179 683 1320 761 Contingit
1342 690 1455 762 quidem
1476 697 1551 755 enim
1567 699 1606 748 sic
1622 705 1735 769 augeri,

968 772 1199 843 quemadmodum
1213 774 1351 850 dicimus,
1365 778 1416 831 sed
1429 781 1575 836 multitudo
1595 785 1737 859 inproper-

870 869 873 874 ’
969 856 1166 929 tionatasacta
1180 866 1210 914 in
1224 868 1411 919 excrescentia
1423 866 1517 937 fluuii.
1529 869 1650 925 Multum
1662 879 1735 929 enim

967 948 1163 1019 superexcedit
1182 967 1266 1021 quarn
1290 963 1323 1004 ut
1344 956 1500 1008 verisimile
1518 974 1537 1008 a
1565 961 1626 1011 nive
1647 962 1739 1034 lique·

187 1040 305 1114 Pmpter
313 1041 385 1114 quid
402 1038 638 1119 aliisjluminibus
651 1045 679 1096 in
691 1041 792 1112 hyeme
805 1045 914 1116 quidem
959 1027 1047 1104 sacia
1070 1047 1129 1089 ³8²
1149 1038 1239 1090 multa
1261 1043 1336 1093 enlm
1361 1042 1471 1095 modica
1484 1043 1525 1115 fit
1546 1062 1637 1118 aqua,
1655 1050 1737 1104 Nilus

142 1132 346 1203 augmentatis,
364 1133 395 1183 in
416 1141 506 1184 estate
521 1140 614 1184 autern
631 1127 816 1199 multofactis
827 1136 914 1187 mino·

142 1216 231 1281 ribus,
256 1217 331 1270 solus
350 1234 443 1271 eorum
464 1222 511 1291 qui
534 1222 564 1272 in
588 1219 913 1289 maresluunt‚multum

141 1314 230 1357 estate
244 1304 359 1358 excedit
370 1305 464 1378 fitque
481 1316 573 1359 tantus
590 1316 622 1359 ut
639 1308 770 1362 ciuitates¹
782 1307 852 1363 soloe
869 1326 913 1363 sn·

135 1396 247 1465 persint
260 1392 342 1447 velta
354 1394 475 1448 insulse?
489 1393 592 1449 Crescit
605 1405 697 1448 autem
711 1412 731 1448 u
744 1396 916 1451 versionibus·

140 1478 299 1532 estivalibus
305 1480 428 1552 qualibet
435 1482 517 1536 dicet
524 1499 631 1535 rttrsum
638 1481 770 1536 abscedit.
781 1481 916 1537 Exundat

141 1577 236 1621 autem
245 1583 300 1640 per
310 1567 523 1640 labiastuminis
532 1588 607 1643 aqua
617 1581 644 1624 et
654 1587 710 1623 uua
722 1573 794 1622 sicut
802 1570 914 1643 quidum

141 1657 224 1707 aiunt
247 1671 332 1727 siper
354 1665 471 1723 terram,
499 1669 693 1712 verumtamen
716 1662 797 1712 iacta
826 1663 914 1733 ipsum

137 1742 254 1811 fiuvium
261 1748 343 1817 putei
356 1756 503 1818 apparent.
515 1744 598 1801 Circa
609 1747 721 1819 quidem
733 1750 822 1820 ipsium
832 1752 917 1821 igitur

142 1840 209 1885 stmt
219 1829 376 1885 accidentia
391 1833 479 1901 talia,
496 1851 611 1887 causam
634 1843 728 1887 autem
748 1847 839 1889 sumat
855 1842 915 1910 quis

139 1922 182 1971 sic
190 1936 329 1991 quarens.
343 1919 461 1974 Necesse
473 1924 546 1974 enim
559 1931 611 1974 ant
621 1931 708 1975 estate
721 1925 777 1995 ipd
785 1924 915 1981 mirenire

140 2006 257 2059 aliunde
271 2024 392 2079 quom,
408 2018 460 2061 aut
471 2006 571 2079 hyeme
583 2004 694 2078 auserri
699 2050 710 2080 ,
719 2010 854 2066 videlicet
864 2014 912 2067 de·

140 2110 249 2147 sursum
261 2110 281 2147 a
293 2095 353 2148 sole
365 2105 514 2149 attractam
527 2112 534 2149 .·
553 2094 601 2148 bic
611 2099 684 2150 enim
700 2091 849 2168 manifeste
860 2097 913 2154 boc

132 2177 227 2250 facit,
246 2185 339 2236 autin
358 2192 433 2236 terra
446 2183 625 2241 dessicatam.
647 2183 702 2237 Per
718 2201 782 2238 eam
801 2187 913 2257 quidem

139 2272 229 2342 igitur
252 2287 316 2342 qua
337 2271 370 2322 in
394 2268 494 2335 breme
519 2269 689 2325 oblationem
709 2274 752 2325 sic
771 2275 863 2344 utique
884 2277 913 2328 in

64 2379 72 2397 ·
137 2367 228 2412 estate
246 2355 300 2428 fiet
319 2361 416 2424 maior,
441 2374 496 2430 per
519 2360 720 2431 apparitionem
742 2369 837 2413 autem
861 2359 913 2416 boc

138 2446 231 2505 modo.
257 2447 315 2501 Aut
337 2449 411 2500 enim
433 2449 550 2519 pmpria
575 2457 775 2520 supernatante
796 2460 913 2521 propter

137 2532 363 2604 abstractionem,
381 2535 459 2588 veltet
479 2538 566 2589 ctiam
586 2534 691 2589 accidit
708 2535 872 2590 canalibus:
887 2540 912 2589 si

137 2622 213 2676 enim
247 2621 350 2696 aliquis
383 2626 555 2696 intercipiat,
580 2622 677 2694 fluens
711 2635 910 2698 congregantia

136 2720 278 2763 excrescet
290 2709 331 2763 ad
341 2710 404 2764 alta
418 2729 428 2764 .·
443 2720 495 2765 aut
512 2712 609 2765 aliena
622 2713 847 2784 superveniente:
860 2710 912 2767 boc

136 2809 232 2851 uatem
242 2796 399 2869 sedquefiet,
413 2800 438 2850 si
443 2793 537 2866 sortes
544 2797 705 2872 plenissimi
711 2797 788 2869 fiant
795 2799 911 2854 aliunde

136 2886 375 2958 rrrlrupernatante
394 2901 484 2957 aqua,
501 2895 680 2960 apponantur
699 2898 791 2941 autern
816 2891 911 2962 utiquc

136 2985 189 3032 rint
202 2975 368 3046 liqruscente
379 2973 475 3046 aliquo
488 2986 537 3030 aut
545 2976 670 3048 pluente.

179 3061 262 3117 Modi
281 3060 392 3135 quidem
413 3066 498 3135 igitur
516 3064 588 3117 tales
614 3074 643 3118 et
667 3066 754 3130 tanti,
774 3081 829 3136 per
845 3082 911 3137 ques

136 3135 229 3222 sitique
252 3160 357 3203 crescet
357 3148 463 3220 fluuius
487 3150 572 3208 solus.
601 3151 705 3204 Horum
739 3162 831 3205 autern
863 3155 912 3224 qui

135 3238 247 3309 quidem
272 3241 397 3293 esistunt
424 3238 494 3295 dicti
520 3243 600 3312 prius
620 3257 641 3292 a
659 3238 850 3293 dubitantibus
873 3240 911 3294 de

89 3329 96 3340 '
134 3330 209 3397 ipso,
226 3323 278 3378 boc
297 3343 347 3394 nos
359 3326 492 3384 dicemus.
507 3327 589 3382 Tales
610 3326 706 3400 quide
718 3329 807 3382 Ameo
821 3326 844 3402 (b
859 3322 907 3387 ’R-

135 3408 228 3484 ξαμίου
244 3409 319 3486 scil.)
336 3413 464 3468 Milesius
485 3432 505 3468 a
522 3419 616 3470 uentis
629 3405 799 3469 annualibus
815 3417 909 3490 repul·

132 3518 196 3554 sum
209 3502 298 3571 inquit
305 3499 432 3570 fluuium
446 3503 593 3556 inundare.
611 3500 715 3557 Crescit
726 3507 799 3557 enirn
820 3508 847 3557 si
869 3505 911 3557 ilii

135 3587 209 3648 dant
228 3596 256 3638 et
274 3601 291 3638 e
310 3589 422 3659 regione
438 3588 508 3658 fluit
531 3591 661 3662 ipsorum.
685 3590 796 3643 Accidit
817 3601 909 3645 autem

132 3671 566 3746 contrarium.Supernotatenim
576 3674 757 3729 admodicum
766 3677 907 3746 desubtus,

130 3761 302 3836 principium
323 3769 417 3813 autern
444 3761 606 3833 repletionis
634 3761 746 3816 videtur
768 3762 906 3821 deorsam.

132 3846 234 3903 Adbuc
247 3846 320 3899 idem
344 3847 416 3902 alios
437 3847 580 3921 oportebat
596 3852 661 3921 pati
680 3851 773 3920 magis
781 3848 905 3918 fluuios,

135 3937 183 4008 qui
204 3951 243 3987 esc
261 3936 388 4008 opposito
406 3935 505 4007 fluunt
523 3939 591 4009 ipsis
612 3939 717 4011 magis,
734 3946 765 3990 et
788 3938 908 3992 minores

133 4026 282 4076 existentes
293 4018 404 4093 faciles
417 4035 481 4079 sunt
497 4029 559 4100 cogi
576 4042 596 4078 a
618 4028 720 4081 ventis.
737 4023 910 4097 Frequenter

134 4120 228 4164 autent
244 4119 275 4163 ct
285 4113 422 4166 annuales
434 4113 598 4186 nuncflant
605 4152 613 4182 ,
621 4111 727 4183 fluvius
739 4122 832 4167 autent
853 4131 908 4169 non

131 4199 249 4252 uidetur
262 4198 335 4252 idern
348 4195 468 4260 faciens.

172 4288 313 4358 Diogenes
320 4299 413 4343 nutem
425 4288 621 4344 Natntremus
634 4286 709 4364 [scil.
726 4290 740 4345 ὁ
753 4285 906 4348 ’tramut-

136 4373 218 4444 μιδος)
233 4377 424 4447 Apolloniates
429 4373 561 4447 fontibus
573 4382 615 4432 ait
624 4377 693 4431 addi
705 4396 807 4452 aquam
821 4389 907 4433 ottra-

967 1134 1059 1177 uutem
1076 1125 1192 1177 multam
1208 1123 1415 1197 superinfundit
1432 1134 1571 1204 regionem
1583 1133 1739 1207 etprpfun-

967 1212 1105 1265 damiam
1121 1213 1275 1285 aliquando
1292 1220 1378 1270 etiam
1400 1235 1484 1291 asper
1504 1223 1619 1295 triginta
1637 1225 1739 1279 cubitos

968 1296 1030 1356 suit.
1048 1299 1149 1354 Adbuc
1165 1313 1257 1355 autern
1273 1320 1361 1377 neque
1375 1306 1449 1359 locas
1464 1308 1578 1362 videtur
1589 1306 1630 1386 (v.
1646 1309 1665 1369 Ι.
1687 1331 1740 1365 aa·

966 1389 1057 1455 detta,
1070 1385 1148 1443 unde
1156 1385 1261 1445 Rosius
1271 1387 1347 1465 conj.
1358 1392 1492 1468 auditur),
1509 1396 1657 1470 talisputa,
1667 1403 1740 1455 unde

964 1473 1098 1549 passibile
1113 1479 1148 1528 sit
1166 1480 1254 1548 ipuurn
1275 1476 1359 1532 ilucre
1372 1497 1392 1531 a
1409 1482 1469 1535 nive
1482 1498 1490 1535 .·
1505 1480 1646 1557 Ethyopia
1665 1491 1739 1539 enim

967 1572 997 1616 et
1020 1558 1101 1616 Libia
1121 1561 1319 1618 inhabitabiles
1339 1577 1458 1639 propter
1478 1579 1581 1636 ustum,
1606 1590 1644 1626 ee
1666 1578 1737 1628 Asia

966 1660 1060 1703 autem
1075 1668 1131 1705 non
1145 1655 1279 1723 contingit
1291 1657 1379 1724 ursum
1386 1654 1491 1725 fluere.
1508 1657 1642 1727 thbortis
1658 1661 1736 1737 (229.

967 1733 1045 1801 burriz
1059 1754 1084 1795 s.
1102 1734 1237 1814 Σιρὸωνίς)
1253 1744 1328 1793 enim
1341 1742 1419 1795 lacus
1431 1747 1511 1816 apud
1522 1764 1601 1801 utare
1614 1761 1655 1803 est
1669 1751 1741 1803 iilud

969 1825 1045 1897 quod
1056 1837 1098 1879 est
1112 1830 1192 1879 iusta
1205 1826 1334 1897 Syriam,
1345 1828 1428 1899 liujus
1438 1842 1531 1888 autem
1542 1846 1572 1889 et
1582 1834 1658 1890 rubri
1667 1839 1742 1909 quod

967 1915 1161 1969 intermedium
1184 1917 1263 1969 mille
1285 1917 1380 1970 stadia
1401 1931 1475 1975 sant.
1488 1921 1611 1975 Rubrum
1626 1925 1737 1996 quidem

967 2021 1046 2058 mare
1058 2007 1140 2057 aiant
1152 2004 1267 2077 quidam
1282 2010 1414 2080 coniungi
1434 2010 1476 2062 ad
1497 2010 1528 2063 id
1544 2013 1620 2083 quod
1632 2024 1737 2067 cetra:

966 2090 1006 2144 ab
1025 2088 1078 2145 boc
1091 2091 1202 2163 quidem
1216 2109 1271 2145 non
1285 2093 1511 2164 videturfluens‚
1527 2097 1565 2149 ab
1579 2095 1633 2152 ltoc
1645 2109 1737 2152 autem

967 2175 1187 2247 immanifestum
1211 2182 1237 2232 si
1256 2181 1397 2252 possibile.
1416 2182 1534 2237 Nullum
1557 2189 1632 2238 enim
1656 2187 1738 2239 audi·

968 2271 1056 2322 vimus
1065 2267 1181 2339 dignum
1188 2267 1254 2340 fide
1267 2268 1388 2322 nondum
1402 2270 1438 2325 de
1451 2272 1534 2326 rubro
1548 2277 1634 2338 nturi,
1649 2285 1738 2328 uuum

965 2358 1054 2428 ipsum
1071 2372 1125 2428 per
1136 2372 1166 2409 se
1176 2360 1265 2428 ipsum
1275 2368 1317 2410 est
1329 2368 1380 2410 aut
1391 2362 1569 2431 coniungitur
1576 2362 1617 2415 ad
1625 2361 1658 2415 id
1665 2364 1741 2434 quod

962 2450 1049 2499 entra
1068 2444 1202 2499 Bracleas
1215 2444 1388 2518 columpnas.
1401 2447 1538 2520 Deceptus
1550 2458 1593 2501 cst
1604 2459 1697 2502 uatem
1713 2460 1742 2502 ct

964 2549 1019 2587 reu
1026 2533 1202 2586 Artaxerxes
1210 2531 1304 2587 Olbos
1312 2525 1651 2608 cogutominatus,quando
1658 2554 1741 2610 super

963 2620 1103 2693 Egyptum
1130 2619 1252 2675 debebat
1279 2621 1413 2679 militare.
1442 2622 1566 2679 Conatus
1593 2636 1634 2678 est
1663 2628 1735 2678 enim

964 2721 1087 2762 auertere
1117 2707 1251 2762 Indorum
1269 2708 1389 2779 flavium
1415 2721 1549 2783 tanquam
1573 2716 1736 2766 existentem

964 2797 1099 2861 cundem,
1118 2796 1234 2850 audiens
1245 2801 1314 2868 quia
1327 2798 1490 2852 cocodrillus
1505 2798 1591 2853 babet
1604 2801 1738 2871 quemad·

965 2884 1076 2939 modam
1088 2883 1182 2936 Nilus.
1198 2882 1317 2935 Mittens
1329 2895 1422 2936 autent
1436 2885 1477 2937 ad
1488 2896 1601 2939 vocator
1609 2882 1740 2957 Onifalos

965 2966 1110 3048 (ouisalos,
1131 2964 1253 3039 omfalos
1268 2967 1335 3046 aiii)
1348 2972 1468 3042 audivit,
1484 2974 1626 3045 quiujluit
1633 2974 1740 3046 fluvias

964 3064 995 3113 in
1017 3058 1128 3113 rubrum
1151 3076 1241 3125 mare,
1266 3070 1295 3113 ct
1313 3065 1431 3115 cessavit
1451 3079 1470 3115 a
1491 3073 1603 3118 conatu.
1630 3065 1735 3119 lterum

961 3165 1126 3221 persuasam
1141 3159 1184 3203 est
1194 3148 1346 3204 dicentibus
1359 3151 1455 3216 Indis,
1474 3151 1653 3224 quiafluuius
1666 3154 1740 3208 alter

963 3248 1036 3291 esset
1049 3236 1091 3290 ad
1104 3237 1172 3291 illas
1178 3247 1278 3309 partes
1290 3239 1373 3293 Indie
1378 3239 1475 3309 fluens
1486 3256 1524 3293 eor
1537 3248 1629 3292 monte
1638 3252 1739 3293 uocato

963 3326 1045 3380 Aleto
1065 3321 1161 3400 (aieto,
1186 3335 1281 3391 aceto,
1301 3326 1375 3379 alete
1394 3321 1475 3403 alii),
1491 3344 1529 3381 ee
1551 3344 1604 3398 quo
1626 3327 1737 3398 quidem

962 3416 1061 3471 Indus.
1077 3413 1157 3466 Hunc
1169 3423 1263 3466 autent
1275 3412 1409 3467 dicebant
1419 3412 1525 3468 babere
1535 3413 1697 3468 cocodrillus
1710 3426 1739 3467 et

962 3499 1152 3571 circumfluere
1165 3505 1286 3554 eeteritu
1305 3501 1416 3555 rubrum
1435 3518 1531 3566 mare,
1546 3504 1600 3554 sive
1622 3517 1737 3554 veraces

961 3592 1019 3641 sint
1040 3586 1093 3641 hoc
1114 3586 1238 3641 dicentes
1257 3591 1313 3641 sire
1333 3592 1502 3645 mentientes.
1522 3585 1737 3660 Veramptamen

962 3691 1014 3728 ree
1027 3672 1139 3728 dicebat
1150 3676 1246 3727 conari
1259 3672 1332 3727 lianc
1349 3686 1482 3739 avertere,
1501 3674 1553 3727 sed
1569 3678 1658 3746 ipsum
1671 3694 1736 3747 pro·

960 3759 1120 3827 aduerunt,
1136 3763 1268 3833 quoniam
1282 3757 1359 3832 (quos
1371 3758 1461 3834 iuml)
1477 3761 1519 3814 ad
1538 3779 1634 3815 caram
1660 3761 1735 3817 barte

960 3853 1101 3912 miserant,
1113 3847 1234 3901 dicentes
1246 3851 1311 3920 quia
1326 3853 1461 3903 maiorem
1473 3849 1588 3904 destruit
1596 3854 1734 3921 regionem

960 3952 1044 4007 quant
1070 3938 1172 4007 accipit
1198 3935 1345 3990 dominans
1366 3934 1511 4007 Egypciis.
1534 3936 1576 3988 De
1592 3939 1735 4009 principio

961 4024 1072 4097 quidem
1086 4024 1160 4077 unde
1171 4027 1275 4078 existat
1275 4023 1372 4094 fluens
1382 4022 1465 4077 Nilus
1479 4034 1508 4076 et
1518 4022 1555 4076 dc
1565 4018 1647 4076 rubro
1660 4030 1735 4078 mari

959 4110 1011 4166 lroc
1026 4112 1125 4180 modo,
1138 4121 1189 4165 aut
1200 4111 1349 4165 secundam
1362 4127 1444 4183 quem
1455 4109 1647 4181 Atltinagoras·
1664 4111 1735 4165 dice·

960 4199 1173 4254 butArimnisti.
1195 4200 1252 4254 Ille
1271 4203 1345 4253 enim
1366 4202 1456 4272 inquit
1470 4216 1554 4254 unum
1574 4215 1633 4253 esse
1656 4218 1733 4254 neore

961 4287 1039 4358 attod
1059 4285 1170 4340 rubrum
1182 4297 1212 4340 et
1224 4286 1299 4360 quod
1312 4297 1395 4340 extra
1410 4286 1546 4340 Eracleas
1557 4287 1730 4359 cobsnpnrn,

959 4371 1053 4426 nieltii
1068 4373 1184 4446 dignum
1198 4374 1239 4428 ad
1251 4374 1472 4442 confirmandum
1487 4375 1529 4428 ad
1536 4392 1631 4448 regem
1641 4376 1733 4428 dieen-

132 4461 213 4516 ltente
225 4474 300 4518 terra
308 4477 423 4536 propter
432 4466 545 4538 arefieri
554 4484 573 4519 a
584 4467 644 4521 sold
654 4467 684 4519 in
693 4476 789 4520 estate.
799 4466 904 4521 Natum
958 4472 1012 4515 tern
1027 4459 1079 4536 (ita
1089 4457 1174 4519 codd.
1183 4458 1287 4518 Rosius
1298 4461 1410 4534 dicens).
1421 4463 1516 4517 Yottun
1530 4474 1622 4516 autem
1640 4467 1732 4516 mani·

134 4567 192 4603 esse
205 4554 280 4603 enim
295 4551 424 4623 indigens
438 4551 550 4607 trabere
565 4571 604 4607 esc
611 4556 776 4626 propinquo.
792 4554 905 4608 Accidit
949 4545 1057 4618 festum
1065 4550 1141 4622 quod
1147 4551 1281 4622 siquidem
1292 4569 1328 4605 ee
1337 4550 1390 4605 ltoc
1404 4551 1568 4622 montefluit
1581 4547 1732 4623 liquefacta

132 4647 225 4690 artum
249 4648 278 4691 et
293 4636 358 4691 baio
376 4657 460 4694 unum
488 4641 609 4713 quidem,
639 4643 706 4712 qaia
723 4636 904 4711 frigidissimi
955 4641 1030 4701 nire,
1047 4636 1238 4691 subcontrario
1262 4640 1350 4693 multa
1359 4641 1466 4712 fierent
1486 4637 1543 4692 biis
1562 4655 1645 4711 quam
1659 4657 1732 4691 nunc

133 4735 220 4778 estote
241 4725 317 4797 qaod
331 4728 480 4784 secuudum
501 4739 604 4783 serram
630 4739 685 4796 est,
701 4726 791 4782 trahit
808 4740 901 4784 aurem
954 4723 1171 4776 acciduntcircu
1185 4729 1285 4797 ipsum.
1301 4728 1386 4780 Mons
1399 4729 1475 4778 enim
1490 4728 1542 4778 istc
1553 4725 1731 4779 intermedius

133 4828 214 4866 omne
224 4813 346 4868 calidum
363 4818 485 4870 existens
497 4827 526 4870 et
537 4816 650 4891 quando
666 4819 760 4888 utique
779 4819 903 4870 maxime
957 4810 1115 4884 Etbyopum
1141 4825 1170 4866 ot
1202 4814 1335 4868 Indorum
1369 4814 1457 4868 clistut
1491 4817 1587 4867 itinere
1611 4818 1730 4886 quinque

123 4892 221 4962 suerit
241 4899 377 4960 calidum.
394 4901 493 4958 Adbuc
510 4914 616 4970 autem,
641 4907 708 4976 quia
728 4904 800 4959 alios
820 4921 900 4977 opor·
955 4905 1241 4971 mensium,utaiunt.
1257 4898 1364 4972 Dissert
1379 4907 1468 4957 eciam
1482 4914 1615 4975 quantum
1628 4896 1731 4969 differt

133 4983 317 5058 tebatstuvios
340 5007 387 5045 eos
409 4994 507 5065 quiin
524 4991 610 5047 Libia
624 4992 697 5045 idern
709 4987 821 5060 facere.
837 4991 903 5046 Non
952 4986 1047 5054 fluens
1058 4989 1158 5062 longus
1172 5000 1222 5043 aut
1235 4989 1342 5044 breuis:
1349 4991 1499 5062 fluentium
1510 4993 1585 5043 enim
1594 4988 1630 5042 de
1640 5003 1729 5060 prope

132 5075 205 5125 cuim
222 5076 404 5146 singulariter
426 5079 513 5134 solum
530 5075 582 5156 (sol
600 5074 679 5155 conj.
693 5074 812 5154 Rosius)
828 5078 903 5131 iliius
952 5081 1075 5149 primum
1086 5082 1212 5150 pertenit
1222 5078 1488 5151 flurusplun'mtu·‚
1508 5082 1537 5130 in
1551 5076 1615 5149 fine
1635 5085 1728 5127 autern

131 5158 256 5215 desiccat
258 5158 367 5231 fontes.
958 5167 1047 5218 minor
1060 5176 1143 5236 atque
1159 5164 1303 5237 deficiens.
1317 5167 1420 5221 Eorum
1434 5176 1527 5219 autem
1538 5167 1588 5236 qai
1597 5180 1617 5214 a
1627 5162 1709 5234 longe
1716 5201 1725 5231 ‚

171 5250 362 5322 Anaxagoras
369 5262 462 5307 autern
469 5253 607 5325 Egisiboli
618 5246 900 5327 (scils'HuustbobRou)
953 5253 1167 5325 primoquidem
1179 5259 1284 5324 miuus,
1296 5259 1326 5309 in
1328 5256 1392 5329 fine
1398 5266 1490 5311 autern
1499 5254 1724 5325 copiosissimam,
