<?xml version="1.0" encoding="UTF-8"?>
<!DOCTYPE html PUBLIC "-//W3C//DTD XHTML 1.0 Transitional//EN"
    "http://www.w3.org/TR/xhtml1/DTD/xhtml1-transitional.dtd">
<html xmlns="http://www.w3.org/1999/xhtml" xml:lang="en" lang="en">
 <head>
  <title>
</title>
<meta http-equiv="Content-Type" content="text/html;charset=utf-8" />
  <meta name='ocr-system' content='tesseract 3.04.00' />
  <meta name='ocr-capabilities' content='ocr_page ocr_carea ocr_par ocr_line ocrx_word'/>
</head>
<body>
  <div class='ocr_page' id='page_1' title='image "./fragmentaaristo00heitgoog_0211.png"; bbox 0 0 3959 5900; ppageno 0'>
   <div class='ocr_carea' id='block_1_1' title="bbox 838 487 957 549">
    <p class='ocr_par' dir='ltr' id='par_1_1' title="bbox 838 487 957 549">
     <span class='ocr_line' id='line_1_1' title="bbox 838 487 957 549; baseline 0 -1"><span class='ocrx_word' id='word_1_1' title='bbox 838 487 957 549; x_wconf 85' lang='lat' dir='ltr'>ZOICA.</span> 
     </span>
    </p>
   </div>
   <div class='ocr_carea' id='block_1_2' title="bbox 88 619 874 4121">
    <p class='ocr_par' dir='ltr' id='par_1_2' title="bbox 88 619 874 2788">
     <span class='ocr_line' id='line_1_2' title="bbox 95 619 868 699; baseline -0.012 -12"><span class='ocrx_word' id='word_1_2' title='bbox 95 643 136 687; x_wconf 92' lang='lat' dir='ltr'>ut</span> <span class='ocrx_word' id='word_1_3' title='bbox 154 628 346 691; x_wconf 83' lang='lat' dir='ltr'>Aristotelea.</span> <span class='ocrx_word' id='word_1_4' title='bbox 363 622 400 682; x_wconf 91' lang='lat' dir='ltr'>de</span> <span class='ocrx_word' id='word_1_5' title='bbox 411 619 587 681; x_wconf 79' lang='lat' dir='ltr'><strong>animalibus</strong></span> <span class='ocrx_word' id='word_1_6' title='bbox 603 621 683 699; x_wconf 87' lang='lat' dir='ltr'>apud</span> <span class='ocrx_word' id='word_1_7' title='bbox 701 620 868 680; x_wconf 72' lang='lat' dir='ltr'>Athenaeum</span> 
     </span>
     <span class='ocr_line' id='line_1_3' title="bbox 91 706 870 794; baseline -0.013 -19"><span class='ocrx_word' id='word_1_8' title='bbox 91 718 237 793; x_wconf 87' lang='lat' dir='ltr'>leguntur</span> <span class='ocrx_word' id='word_1_9' title='bbox 251 735 258 771; x_wconf 75' lang='grc' dir='ltr'>ι</span> <span class='ocrx_word' id='word_1_10' title='bbox 272 708 489 794; x_wconf 89' lang='lat' dir='ltr'>primumquod</span> <span class='ocrx_word' id='word_1_11' title='bbox 503 708 632 768; x_wconf 91' lang='lat' dir='ltr'>continet</span> <span class='ocrx_word' id='word_1_12' title='bbox 646 708 789 784; x_wconf 84' lang='lat' dir='ltr'>genuinos</span> <span class='ocrx_word' id='word_1_13' title='bbox 802 706 870 786; x_wconf 92' lang='lat' dir='ltr'>phi-</span> 
     </span>
     <span class='ocr_line' id='line_1_4' title="bbox 90 793 870 882; baseline -0.012 -20"><span class='ocrx_word' id='word_1_14' title='bbox 90 803 219 882; x_wconf 88' lang='lat' dir='ltr'>losophi</span> <span class='ocrx_word' id='word_1_15' title='bbox 246 801 283 860; x_wconf 88' lang='lat' dir='ltr'>dc</span> <span class='ocrx_word' id='word_1_16' title='bbox 310 797 447 858; x_wconf 81' lang='lat' dir='ltr'>Historiis</span> <span class='ocrx_word' id='word_1_17' title='bbox 477 795 645 855; x_wconf 91' lang='lat' dir='ltr'>animalium</span> <span class='ocrx_word' id='word_1_18' title='bbox 675 793 785 868; x_wconf 90' lang='lat' dir='ltr'>libros,</span> <span class='ocrx_word' id='word_1_19' title='bbox 812 795 870 854; x_wconf 88' lang='lat' dir='ltr'>alio</span> 
     </span>
     <span class='ocr_line' id='line_1_5' title="bbox 92 883 870 966; baseline -0.01 -17"><span class='ocrx_word' id='word_1_20' title='bbox 92 911 174 951; x_wconf 88' lang='lat' dir='ltr'>vero</span> <span class='ocrx_word' id='word_1_21' title='bbox 193 890 297 951; x_wconf 83' lang='lat' dir='ltr'>ordine</span> <span class='ocrx_word' id='word_1_22' title='bbox 311 886 471 966; x_wconf 88' lang='lat' dir='ltr'>dispositos</span> <span class='ocrx_word' id='word_1_23' title='bbox 492 904 578 964; x_wconf 86' lang='lat' dir='ltr'>quarn</span> <span class='ocrx_word' id='word_1_24' title='bbox 593 904 653 963; x_wconf 92' lang='lat' dir='ltr'>quo</span> <span class='ocrx_word' id='word_1_25' title='bbox 668 884 736 943; x_wconf 91' lang='lat' dir='ltr'>inde</span> <span class='ocrx_word' id='word_1_26' title='bbox 757 883 795 942; x_wconf 91' lang='lat' dir='ltr'>ab</span> <span class='ocrx_word' id='word_1_27' title='bbox 812 884 870 942; x_wconf 87' lang='lat' dir='ltr'>An·</span> 
     </span>
     <span class='ocr_line' id='line_1_6' title="bbox 91 972 869 1049; baseline -0.012 -10"><span class='ocrx_word' id='word_1_28' title='bbox 91 980 223 1039; x_wconf 88' lang='lat' dir='ltr'>drooico</span> <span class='ocrx_word' id='word_1_29' title='bbox 235 977 360 1036; x_wconf 87' lang='lat' dir='ltr'>luerunt.</span> <span class='ocrx_word' id='word_1_30' title='bbox 382 972 467 1044; x_wconf 86' lang='lat' dir='ltr'>Quod</span> <span class='ocrx_word' id='word_1_31' title='bbox 482 992 519 1031; x_wconf 90' lang='lat' dir='ltr'>ne</span> <span class='ocrx_word' id='word_1_32' title='bbox 538 972 587 1032; x_wconf 90' lang='lat' dir='ltr'>cui</span> <span class='ocrx_word' id='word_1_33' title='bbox 602 972 708 1049; x_wconf 88' lang='lat' dir='ltr'>mirum</span> <span class='ocrx_word' id='word_1_34' title='bbox 723 973 869 1043; x_wconf 86' lang='lat' dir='ltr'>videatur,</span> 
     </span>
     <span class='ocr_line' id='line_1_7' title="bbox 91 1060 870 1138; baseline -0.013 -12"><span class='ocrx_word' id='word_1_35' title='bbox 91 1066 256 1125; x_wconf 85' lang='lat' dir='ltr'>tenendum</span> <span class='ocrx_word' id='word_1_36' title='bbox 278 1076 321 1123; x_wconf 86' lang='lat' dir='ltr'>est</span> <span class='ocrx_word' id='word_1_37' title='bbox 344 1060 512 1121; x_wconf 78' lang='lat' dir='ltr'><strong>Athenaeum</strong></span> <span class='ocrx_word' id='word_1_38' title='bbox 537 1079 719 1138; x_wconf 89' lang='lat' dir='ltr'>nequaquam</span> <span class='ocrx_word' id='word_1_39' title='bbox 743 1080 778 1119; x_wconf 88' lang='lat' dir='ltr'>ex</span> <span class='ocrx_word' id='word_1_40' title='bbox 803 1060 870 1137; x_wconf 89' lang='lat' dir='ltr'>ipso</span> 
     </span>
     <span class='ocr_line' id='line_1_8' title="bbox 92 1145 872 1225; baseline -0.01 -12"><span class='ocrx_word' id='word_1_41' title='bbox 92 1153 255 1213; x_wconf 77' lang='lat' dir='ltr'><strong>Aristotele</strong></span> <span class='ocrx_word' id='word_1_42' title='bbox 284 1151 436 1221; x_wconf 77' lang='lat' dir='ltr'>hausisse,</span> <span class='ocrx_word' id='word_1_43' title='bbox 468 1148 519 1207; x_wconf 88' lang='lat' dir='ltr'>sed</span> <span class='ocrx_word' id='word_1_44' title='bbox 551 1147 650 1225; x_wconf 87' lang='lat' dir='ltr'>copias</span> <span class='ocrx_word' id='word_1_45' title='bbox 678 1145 716 1206; x_wconf 91' lang='lat' dir='ltr'>ab</span> <span class='ocrx_word' id='word_1_46' title='bbox 749 1147 872 1207; x_wconf 81' lang='lat' dir='ltr'>Alexan·</span> 
     </span>
     <span class='ocr_line' id='line_1_9' title="bbox 90 1233 870 1320; baseline -0.014 -19"><span class='ocrx_word' id='word_1_47' title='bbox 90 1242 195 1301; x_wconf 89' lang='lat' dir='ltr'>drinis</span> <span class='ocrx_word' id='word_1_48' title='bbox 217 1237 375 1320; x_wconf 84' lang='lat' dir='ltr'>philologis</span> <span class='ocrx_word' id='word_1_49' title='bbox 396 1248 545 1312; x_wconf 84' lang='lat' dir='ltr'>congestas</span> <span class='ocrx_word' id='word_1_50' title='bbox 564 1234 738 1314; x_wconf 81' lang='lat' dir='ltr'>compilasse</span> <span class='ocrx_word' id='word_1_51' title='bbox 751 1234 804 1312; x_wconf 83' lang='lat' dir='ltr'>(r).</span> <span class='ocrx_word' id='word_1_52' title='bbox 820 1233 870 1290; x_wconf 92' lang='lat' dir='ltr'>Al·</span> 
     </span>
     <span class='ocr_line' id='line_1_10' title="bbox 90 1316 874 1397; baseline -0.011 -15"><span class='ocrx_word' id='word_1_53' title='bbox 90 1337 192 1382; x_wconf 89' lang='lat' dir='ltr'>terum</span> <span class='ocrx_word' id='word_1_54' title='bbox 203 1342 273 1382; x_wconf 83' lang='lat' dir='ltr'>vero</span> <span class='ocrx_word' id='word_1_55' title='bbox 287 1319 431 1380; x_wconf 91' lang='lat' dir='ltr'>librorum</span> <span class='ocrx_word' id='word_1_56' title='bbox 444 1318 596 1377; x_wconf 84' lang='lat' dir='ltr'>manifesto</span> <span class='ocrx_word' id='word_1_57' title='bbox 611 1316 874 1397; x_wconf 86' lang='lat' dir='ltr'>supposititicrum,</span> 
     </span>
     <span class='ocr_line' id='line_1_11' title="bbox 88 1406 870 1488; baseline -0.006 -18"><span class='ocrx_word' id='word_1_58' title='bbox 88 1409 268 1488; x_wconf 86' lang='lat' dir='ltr'>caquelege</span> <span class='ocrx_word' id='word_1_59' title='bbox 291 1406 531 1484; x_wconf 90' lang='lat' dir='ltr'>compositorum,</span> <span class='ocrx_word' id='word_1_60' title='bbox 553 1419 585 1466; x_wconf 90' lang='lat' dir='ltr'>ut</span> <span class='ocrx_word' id='word_1_61' title='bbox 607 1427 673 1486; x_wconf 79' lang='lat' dir='ltr'>quae</span> <span class='ocrx_word' id='word_1_62' title='bbox 688 1406 726 1467; x_wconf 93' lang='lat' dir='ltr'>de</span> <span class='ocrx_word' id='word_1_63' title='bbox 747 1408 870 1484; x_wconf 87' lang='lat' dir='ltr'>singulis</span> 
     </span>
     <span class='ocr_line' id='line_1_12' title="bbox 90 1494 871 1573; baseline -0.005 -15"><span class='ocrx_word' id='word_1_64' title='bbox 90 1496 278 1558; x_wconf 78' lang='lat' dir='ltr'>animalibus</span> <span class='ocrx_word' id='word_1_65' title='bbox 301 1494 424 1573; x_wconf 76' lang='lat' dir='ltr'>sparsim</span> <span class='ocrx_word' id='word_1_66' title='bbox 442 1507 471 1552; x_wconf 91' lang='lat' dir='ltr'>et</span> <span class='ocrx_word' id='word_1_67' title='bbox 492 1494 584 1554; x_wconf 88' lang='lat' dir='ltr'>variis</span> <span class='ocrx_word' id='word_1_68' title='bbox 607 1495 680 1555; x_wconf 91' lang='lat' dir='ltr'>locis</span> <span class='ocrx_word' id='word_1_69' title='bbox 701 1495 778 1555; x_wconf 84' lang='lat' dir='ltr'>dicta</span> <span class='ocrx_word' id='word_1_70' title='bbox 803 1508 871 1555; x_wconf 92' lang='lat' dir='ltr'>sunt</span> 
     </span>
     <span class='ocr_line' id='line_1_13' title="bbox 89 1584 868 1666; baseline -0.003 -20"><span class='ocrx_word' id='word_1_71' title='bbox 89 1587 176 1666; x_wconf 89' lang='lat' dir='ltr'>apud</span> <span class='ocrx_word' id='word_1_72' title='bbox 190 1584 384 1653; x_wconf 79' lang='lat' dir='ltr'>Aristotelem,</span> <span class='ocrx_word' id='word_1_73' title='bbox 399 1586 428 1642; x_wconf 91' lang='lat' dir='ltr'>in</span> <span class='ocrx_word' id='word_1_74' title='bbox 441 1603 530 1643; x_wconf 91' lang='lat' dir='ltr'>uuum</span> <span class='ocrx_word' id='word_1_75' title='bbox 542 1598 686 1662; x_wconf 86' lang='lat' dir='ltr'>congesta,</span> <span class='ocrx_word' id='word_1_76' title='bbox 698 1598 778 1643; x_wconf 91' lang='lat' dir='ltr'>certo</span> <span class='ocrx_word' id='word_1_77' title='bbox 794 1605 868 1663; x_wconf 89' lang='lat' dir='ltr'>quo·</span> 
     </span>
     <span class='ocr_line' id='line_1_14' title="bbox 90 1670 867 1750; baseline 0 -17"><span class='ocrx_word' id='word_1_78' title='bbox 90 1677 163 1733; x_wconf 91' lang='lat' dir='ltr'>dam</span> <span class='ocrx_word' id='word_1_79' title='bbox 179 1672 282 1732; x_wconf 90' lang='lat' dir='ltr'>ordine</span> <span class='ocrx_word' id='word_1_80' title='bbox 292 1670 509 1736; x_wconf 81' lang='lat' dir='ltr'>exhiberentur.</span> <span class='ocrx_word' id='word_1_81' title='bbox 528 1672 594 1731; x_wconf 89' lang='lat' dir='ltr'>aliis</span> <span class='ocrx_word' id='word_1_82' title='bbox 608 1673 727 1750; x_wconf 84' lang='lat' dir='ltr'>insuper</span> <span class='ocrx_word' id='word_1_83' title='bbox 746 1672 867 1750; x_wconf 86' lang='lat' dir='ltr'>quibus·</span> 
     </span>
     <span class='ocr_line' id='line_1_15' title="bbox 89 1759 869 1839; baseline -0.001 -18"><span class='ocrx_word' id='word_1_84' title='bbox 89 1764 163 1822; x_wconf 90' lang='lat' dir='ltr'>dam</span> <span class='ocrx_word' id='word_1_85' title='bbox 180 1775 209 1820; x_wconf 88' lang='lat' dir='ltr'>et</span> <span class='ocrx_word' id='word_1_86' title='bbox 223 1761 320 1832; x_wconf 88' lang='lat' dir='ltr'>novis,</span> <span class='ocrx_word' id='word_1_87' title='bbox 343 1759 518 1837; x_wconf 86' lang='lat' dir='ltr'>aliundeque</span> <span class='ocrx_word' id='word_1_88' title='bbox 542 1760 641 1839; x_wconf 90' lang='lat' dir='ltr'>petitis</span> <span class='ocrx_word' id='word_1_89' title='bbox 664 1780 716 1838; x_wconf 89' lang='lat' dir='ltr'>pcr</span> <span class='ocrx_word' id='word_1_90' title='bbox 732 1762 869 1820; x_wconf 88' lang='lat' dir='ltr'>occasio·</span> 
     </span>
     <span class='ocr_line' id='line_1_16' title="bbox 90 1846 870 1928; baseline -0.003 -18"><span class='ocrx_word' id='word_1_91' title='bbox 90 1872 164 1910; x_wconf 90' lang='lat' dir='ltr'>nem</span> <span class='ocrx_word' id='word_1_92' title='bbox 180 1849 346 1928; x_wconf 77' lang='lat' dir='ltr'>adspersis,</span> <span class='ocrx_word' id='word_1_93' title='bbox 361 1847 400 1906; x_wconf 83' lang='lat' dir='ltr'>ita</span> <span class='ocrx_word' id='word_1_94' title='bbox 423 1860 455 1905; x_wconf 93' lang='lat' dir='ltr'>ut</span> <span class='ocrx_word' id='word_1_95' title='bbox 473 1846 561 1906; x_wconf 84' lang='lat' dir='ltr'>lexici</span> <span class='ocrx_word' id='word_1_96' title='bbox 580 1852 643 1907; x_wconf 89' lang='lat' dir='ltr'>sive</span> <span class='ocrx_word' id='word_1_97' title='bbox 658 1848 765 1907; x_wconf 89' lang='lat' dir='ltr'>indicis</span> <span class='ocrx_word' id='word_1_98' title='bbox 779 1852 870 1908; x_wconf 89' lang='lat' dir='ltr'>instar</span> 
     </span>
     <span class='ocr_line' id='line_1_17' title="bbox 90 1922 870 2015; baseline -0.001 -17"><span class='ocrx_word' id='word_1_99' title='bbox 90 1954 191 1998; x_wconf 85' lang='lat' dir='ltr'>totum</span> <span class='ocrx_word' id='word_1_100' title='bbox 216 1922 297 1997; x_wconf 82' lang='lat' dir='ltr'>esset⁸</span> <span class='ocrx_word' id='word_1_101' title='bbox 310 1954 395 2014; x_wconf 91' lang='lat' dir='ltr'>opus.</span> <span class='ocrx_word' id='word_1_102' title='bbox 418 1934 505 1993; x_wconf 81' lang='lat' dir='ltr'>&#39;l&#39;ales</span> <span class='ocrx_word' id='word_1_103' title='bbox 529 1948 624 1995; x_wconf 87' lang='lat' dir='ltr'>autem</span> <span class='ocrx_word' id='word_1_104' title='bbox 651 1937 741 1995; x_wconf 81' lang='lat' dir='ltr'>luisse</span> <span class='ocrx_word' id='word_1_105' title='bbox 764 1952 870 2015; x_wconf 86' lang='lat' dir='ltr'>praeter</span> 
     </span>
     <span class='ocr_line' id='line_1_18' title="bbox 88 2020 869 2103; baseline -0.005 -15"><span class='ocrx_word' id='word_1_106' title='bbox 88 2025 206 2101; x_wconf 82' lang='grc' dir='ltr'>Ζωικό,</span> <span class='ocrx_word' id='word_1_107' title='bbox 229 2045 294 2085; x_wconf 85' lang='lat' dir='ltr'>cum</span> <span class='ocrx_word' id='word_1_108' title='bbox 311 2020 418 2085; x_wconf 82' lang='grc' dir='ltr'>Φυτικδ</span> <span class='ocrx_word' id='word_1_109' title='bbox 441 2035 501 2081; x_wconf 87' lang='lat' dir='ltr'>lum</span> <span class='ocrx_word' id='word_1_110' title='bbox 525 2023 697 2097; x_wconf 71' lang='lat' dir='ltr'>Massilitani,</span> <span class='ocrx_word' id='word_1_111' title='bbox 711 2025 747 2083; x_wconf 86' lang='lat' dir='ltr'>de</span> <span class='ocrx_word' id='word_1_112' title='bbox 761 2025 869 2103; x_wconf 89' lang='lat' dir='ltr'>quibus</span> 
     </span>
     <span class='ocr_line' id='line_1_19' title="bbox 89 2110 865 2194; baseline -0.005 -18"><span class='ocrx_word' id='word_1_113' title='bbox 89 2135 188 2194; x_wconf 88' lang='lat' dir='ltr'>supra</span> <span class='ocrx_word' id='word_1_114' title='bbox 214 2114 323 2173; x_wconf 88' lang='lat' dir='ltr'>dictum</span> <span class='ocrx_word' id='word_1_115' title='bbox 345 2124 400 2184; x_wconf 88' lang='lat' dir='ltr'>est,</span> <span class='ocrx_word' id='word_1_116' title='bbox 427 2111 510 2170; x_wconf 77' lang='lat' dir='ltr'>tacite</span> <span class='ocrx_word' id='word_1_117' title='bbox 535 2110 665 2170; x_wconf 86' lang='lat' dir='ltr'>adducor</span> <span class='ocrx_word' id='word_1_118' title='bbox 686 2127 718 2172; x_wconf 89' lang='lat' dir='ltr'>ut</span> <span class='ocrx_word' id='word_1_119' title='bbox 738 2114 865 2172; x_wconf 79' lang='lat' dir='ltr'>credam.</span> 
     </span>
     <span class='ocr_line' id='line_1_20' title="bbox 88 2197 866 2277; baseline -0.003 -15"><span class='ocrx_word' id='word_1_120' title='bbox 88 2205 175 2275; x_wconf 86' lang='lat' dir='ltr'>Quin</span> <span class='ocrx_word' id='word_1_121' title='bbox 194 2215 224 2260; x_wconf 87' lang='lat' dir='ltr'>et</span> <span class='ocrx_word' id='word_1_122' title='bbox 236 2201 310 2261; x_wconf 92' lang='lat' dir='ltr'>illud</span> <span class='ocrx_word' id='word_1_123' title='bbox 326 2199 395 2259; x_wconf 89' lang='lat' dir='ltr'>satis</span> <span class='ocrx_word' id='word_1_124' title='bbox 416 2197 570 2277; x_wconf 84' lang='lat' dir='ltr'>probabile</span> <span class='ocrx_word' id='word_1_125' title='bbox 588 2212 674 2276; x_wconf 88' lang='lat' dir='ltr'>puto,</span> <span class='ocrx_word' id='word_1_126' title='bbox 690 2219 727 2258; x_wconf 84' lang='lat' dir='ltr'>ex</span> <span class='ocrx_word' id='word_1_127' title='bbox 741 2221 798 2258; x_wconf 92' lang='lat' dir='ltr'>uua</span> <span class='ocrx_word' id='word_1_128' title='bbox 811 2220 866 2260; x_wconf 82' lang='lat' dir='ltr'>ea-</span> 
     </span>
     <span class='ocr_line' id='line_1_21' title="bbox 90 2283 865 2368; baseline -0.008 -17"><span class='ocrx_word' id='word_1_129' title='bbox 90 2293 225 2368; x_wconf 87' lang='lat' dir='ltr'>demque</span> <span class='ocrx_word' id='word_1_130' title='bbox 255 2288 371 2347; x_wconf 87' lang='lat' dir='ltr'>officina</span> <span class='ocrx_word' id='word_1_131' title='bbox 400 2304 487 2345; x_wconf 90' lang='lat' dir='ltr'>omne</span> <span class='ocrx_word' id='word_1_132' title='bbox 512 2283 568 2343; x_wconf 91' lang='lat' dir='ltr'>hoc</span> <span class='ocrx_word' id='word_1_133' title='bbox 602 2304 693 2360; x_wconf 88' lang='lat' dir='ltr'>genus</span> <span class='ocrx_word' id='word_1_134' title='bbox 721 2284 865 2346; x_wconf 86' lang='lat' dir='ltr'>librorum</span> 
     </span>
     <span class='ocr_line' id='line_1_22' title="bbox 90 2371 866 2456; baseline -0.008 -16"><span class='ocrx_word' id='word_1_135' title='bbox 90 2382 125 2439; x_wconf 88' lang='lat' dir='ltr'>in</span> <span class='ocrx_word' id='word_1_136' title='bbox 141 2378 238 2438; x_wconf 90' lang='lat' dir='ltr'>lucem</span> <span class='ocrx_word' id='word_1_137' title='bbox 248 2374 409 2456; x_wconf 81' lang='lat' dir='ltr'>prodiisse,</span> <span class='ocrx_word' id='word_1_138' title='bbox 421 2371 548 2430; x_wconf 89' lang='lat' dir='ltr'>hominis</span> <span class='ocrx_word' id='word_1_139' title='bbox 559 2371 669 2431; x_wconf 89' lang='lat' dir='ltr'>scilicet</span> <span class='ocrx_word' id='word_1_140' title='bbox 684 2375 866 2450; x_wconf 78' lang='lat' dir='ltr'>grammatici</span> 
     </span>
     <span class='ocr_line' id='line_1_23' title="bbox 89 2460 869 2545; baseline -0.008 -18"><span class='ocrx_word' id='word_1_141' title='bbox 89 2482 185 2545; x_wconf 87' lang='lat' dir='ltr'>atque</span> <span class='ocrx_word' id='word_1_142' title='bbox 199 2463 356 2544; x_wconf 80' lang='lat' dir='ltr'>philologi,</span> <span class='ocrx_word' id='word_1_143' title='bbox 370 2461 400 2520; x_wconf 92' lang='lat' dir='ltr'>in</span> <span class='ocrx_word' id='word_1_144' title='bbox 414 2481 449 2519; x_wconf 88' lang='lat' dir='ltr'>eo</span> <span class='ocrx_word' id='word_1_145' title='bbox 464 2460 601 2538; x_wconf 88' lang='lat' dir='ltr'>inprimis</span> <span class='ocrx_word' id='word_1_146' title='bbox 612 2461 744 2538; x_wconf 88' lang='lat' dir='ltr'>occupati</span> <span class='ocrx_word' id='word_1_147' title='bbox 759 2475 806 2534; x_wconf 91' lang='lat' dir='ltr'>nt,</span> <span class='ocrx_word' id='word_1_148' title='bbox 826 2484 869 2521; x_wconf 85' lang='lat' dir='ltr'>se·</span> 
     </span>
     <span class='ocr_line' id='line_1_24' title="bbox 89 2546 868 2623; baseline -0.004 -11"><span class='ocrx_word' id='word_1_149' title='bbox 89 2555 167 2613; x_wconf 91' lang='lat' dir='ltr'>dulo</span> <span class='ocrx_word' id='word_1_150' title='bbox 184 2553 215 2611; x_wconf 91' lang='lat' dir='ltr'>iu</span> <span class='ocrx_word' id='word_1_151' title='bbox 229 2551 343 2610; x_wconf 87' lang='lat' dir='ltr'>diversa</span> <span class='ocrx_word' id='word_1_152' title='bbox 357 2546 538 2623; x_wconf 85' lang='lat' dir='ltr'>singulorum</span> <span class='ocrx_word' id='word_1_153' title='bbox 558 2547 727 2606; x_wconf 86' lang='lat' dir='ltr'>animalium</span> <span class='ocrx_word' id='word_1_154' title='bbox 750 2552 868 2609; x_wconf 89' lang='lat' dir='ltr'>numina</span> 
     </span>
     <span class='ocr_line' id='line_1_25' title="bbox 90 2635 866 2719; baseline -0.005 -19"><span class='ocrx_word' id='word_1_155' title='bbox 90 2638 291 2719; x_wconf 89' lang='lat' dir='ltr'>inquirendo,</span> <span class='ocrx_word' id='word_1_156' title='bbox 309 2635 527 2715; x_wconf 79' lang='lat' dir='ltr'>synonymiam,</span> <span class='ocrx_word' id='word_1_157' title='bbox 543 2653 628 2712; x_wconf 90' lang='lat' dir='ltr'>quam</span> <span class='ocrx_word' id='word_1_158' title='bbox 650 2647 770 2709; x_wconf 86' lang='lat' dir='ltr'>vocant,</span> <span class='ocrx_word' id='word_1_159' title='bbox 782 2637 866 2697; x_wconf 89' lang='lat' dir='ltr'>illus·</span> 
     </span>
     <span class='ocr_line' id='line_1_26' title="bbox 91 2741 196 2788; baseline -0.038 0"><span class='ocrx_word' id='word_1_160' title='bbox 91 2741 196 2788; x_wconf 87' lang='lat' dir='ltr'>traret.</span> 
     </span>
    </p>

    <p class='ocr_par' dir='ltr' id='par_1_3' title="bbox 90 2810 868 4121">
     <span class='ocr_line' id='line_1_27' title="bbox 131 2810 867 2892; baseline -0.004 -17"><span class='ocrx_word' id='word_1_161' title='bbox 131 2815 222 2887; x_wconf 86' lang='lat' dir='ltr'>Quod</span> <span class='ocrx_word' id='word_1_162' title='bbox 246 2814 288 2891; x_wconf 88' lang='lat' dir='ltr'>si,</span> <span class='ocrx_word' id='word_1_163' title='bbox 314 2825 380 2892; x_wconf 89' lang='lat' dir='ltr'>post</span> <span class='ocrx_word' id='word_1_164' title='bbox 402 2830 436 2871; x_wconf 90' lang='lat' dir='ltr'>ea</span> <span class='ocrx_word' id='word_1_165' title='bbox 458 2831 522 2888; x_wconf 89' lang='lat' dir='ltr'>quae</span> <span class='ocrx_word' id='word_1_166' title='bbox 538 2810 688 2887; x_wconf 88' lang='lat' dir='ltr'>hucusque</span> <span class='ocrx_word' id='word_1_167' title='bbox 708 2810 867 2890; x_wconf 82' lang='lat' dir='ltr'>disputari·</span> 
     </span>
     <span class='ocr_line' id='line_1_28' title="bbox 91 2897 866 2983; baseline -0.004 -16"><span class='ocrx_word' id='word_1_168' title='bbox 91 2922 257 2983; x_wconf 91' lang='lat' dir='ltr'>mus,opus</span> <span class='ocrx_word' id='word_1_169' title='bbox 266 2912 341 2961; x_wconf 89' lang='lat' dir='ltr'>esset</span> <span class='ocrx_word' id='word_1_170' title='bbox 351 2898 545 2962; x_wconf 88' lang='lat' dir='ltr'>demonstrari</span> <span class='ocrx_word' id='word_1_171' title='bbox 552 2897 708 2959; x_wconf 89' lang='lat' dir='ltr'>Zoicornm</span> <span class='ocrx_word' id='word_1_172' title='bbox 722 2899 815 2963; x_wconf 91' lang='lat' dir='ltr'>libros</span> <span class='ocrx_word' id='word_1_173' title='bbox 829 2901 866 2964; x_wconf 90' lang='lat' dir='ltr'>ab</span> 
     </span>
     <span class='ocr_line' id='line_1_29' title="bbox 90 2983 865 3064; baseline -0.006 -10"><span class='ocrx_word' id='word_1_174' title='bbox 90 2991 255 3053; x_wconf 81' lang='lat' dir='ltr'>Aristotele</span> <span class='ocrx_word' id='word_1_175' title='bbox 277 2988 388 3047; x_wconf 91' lang='lat' dir='ltr'>alienos</span> <span class='ocrx_word' id='word_1_176' title='bbox 410 2983 516 3058; x_wconf 85' lang='lat' dir='ltr'>luisse,</span> <span class='ocrx_word' id='word_1_177' title='bbox 535 2984 597 3063; x_wconf 81' lang='lat' dir='ltr'>jam</span> <span class='ocrx_word' id='word_1_178' title='bbox 621 3007 680 3045; x_wconf 92' lang='lat' dir='ltr'>uno</span> <span class='ocrx_word' id='word_1_179' title='bbox 695 3004 865 3064; x_wconf 87' lang='lat' dir='ltr'>argumento</span> 
     </span>
     <span class='ocr_line' id='line_1_30' title="bbox 91 3073 865 3157; baseline -0.005 -15"><span class='ocrx_word' id='word_1_180' title='bbox 91 3103 139 3142; x_wconf 85' lang='lat' dir='ltr'>res</span> <span class='ocrx_word' id='word_1_181' title='bbox 156 3077 319 3157; x_wconf 88' lang='lat' dir='ltr'>dijudicari</span> <span class='ocrx_word' id='word_1_182' title='bbox 341 3075 457 3153; x_wconf 88' lang='lat' dir='ltr'>poterit.</span> <span class='ocrx_word' id='word_1_183' title='bbox 476 3073 555 3132; x_wconf 87' lang='lat' dir='ltr'>Licet</span> <span class='ocrx_word' id='word_1_184' title='bbox 577 3074 655 3133; x_wconf 88' lang='lat' dir='ltr'>enim</span> <span class='ocrx_word' id='word_1_185' title='bbox 672 3075 865 3157; x_wconf 89' lang='lat' dir='ltr'>philosophus</span> 
     </span>
     <span class='ocr_line' id='line_1_31' title="bbox 91 3162 868 3247; baseline -0.005 -17"><span class='ocrx_word' id='word_1_186' title='bbox 91 3191 108 3230; x_wconf 89' lang='lat' dir='ltr'>a</span> <span class='ocrx_word' id='word_1_187' title='bbox 124 3166 342 3247; x_wconf 89' lang='lat' dir='ltr'>compositione</span> <span class='ocrx_word' id='word_1_188' title='bbox 360 3182 503 3223; x_wconf 88' lang='lat' dir='ltr'>novorum</span> <span class='ocrx_word' id='word_1_189' title='bbox 515 3162 726 3223; x_wconf 86' lang='lat' dir='ltr'>vocabulorum</span> <span class='ocrx_word' id='word_1_190' title='bbox 745 3166 868 3226; x_wconf 85' lang='lat' dir='ltr'>minime</span> 
     </span>
     <span class='ocr_line' id='line_1_32' title="bbox 91 3250 866 3327; baseline -0.001 -11"><span class='ocrx_word' id='word_1_191' title='bbox 91 3255 283 3327; x_wconf 85' lang='lat' dir='ltr'>abstinuerit,</span> <span class='ocrx_word' id='word_1_192' title='bbox 302 3265 334 3312; x_wconf 93' lang='grc' dir='ltr'>ιιι</span> <span class='ocrx_word' id='word_1_193' title='bbox 354 3250 492 3311; x_wconf 89' lang='lat' dir='ltr'>animalia</span> <span class='ocrx_word' id='word_1_194' title='bbox 515 3252 673 3311; x_wconf 88' lang='lat' dir='ltr'>secundum</span> <span class='ocrx_word' id='word_1_195' title='bbox 699 3273 866 3315; x_wconf 88' lang='lat' dir='ltr'>communes</span> 
     </span>
     <span class='ocr_line' id='line_1_33' title="bbox 91 3338 865 3418; baseline -0.004 -13"><span class='ocrx_word' id='word_1_196' title='bbox 91 3343 242 3405; x_wconf 81' lang='lat' dir='ltr'>naturales</span> <span class='ocrx_word' id='word_1_197' title='bbox 263 3340 444 3400; x_wconf 80' lang='lat' dir='ltr'>differentias</span> <span class='ocrx_word' id='word_1_198' title='bbox 470 3338 632 3399; x_wconf 75' lang='lat' dir='ltr'>inclames</span> <span class='ocrx_word' id='word_1_199' title='bbox 661 3339 865 3418; x_wconf 78' lang='lat' dir='ltr'>distingueret,</span> 
     </span>
     <span class='ocr_line' id='line_1_34' title="bbox 91 3425 867 3505; baseline -0.001 -13"><span class='ocrx_word' id='word_1_200' title='bbox 91 3435 155 3493; x_wconf 84' lang='lat' dir='ltr'>sive</span> <span class='ocrx_word' id='word_1_201' title='bbox 176 3445 211 3491; x_wconf 89' lang='grc' dir='ltr'>ιιι</span> <span class='ocrx_word' id='word_1_202' title='bbox 236 3427 418 3505; x_wconf 84' lang='lat' dir='ltr'>singulorum</span> <span class='ocrx_word' id='word_1_203' title='bbox 448 3425 630 3487; x_wconf 80' lang='lat' dir='ltr'>diversitates</span> <span class='ocrx_word' id='word_1_204' title='bbox 655 3441 805 3503; x_wconf 82' lang='lat' dir='ltr'>enataret,</span> <span class='ocrx_word' id='word_1_205' title='bbox 824 3443 867 3491; x_wconf 90' lang='grc' dir='ltr'>ιοι</span> 
     </span>
     <span class='ocr_line' id='line_1_35' title="bbox 92 3513 866 3594; baseline -0.005 -14"><span class='ocrx_word' id='word_1_206' title='bbox 92 3535 190 3580; x_wconf 88' lang='lat' dir='ltr'>tamen</span> <span class='ocrx_word' id='word_1_207' title='bbox 207 3513 519 3594; x_wconf 85' lang='lat' dir='ltr'>compositavocsbula</span> <span class='ocrx_word' id='word_1_208' title='bbox 531 3513 564 3573; x_wconf 92' lang='lat' dir='ltr'>in</span> <span class='ocrx_word' id='word_1_209' title='bbox 579 3515 747 3592; x_wconf 78' lang='lat' dir='ltr'>fragmentis</span> <span class='ocrx_word' id='word_1_210' title='bbox 757 3515 866 3576; x_wconf 90' lang='lat' dir='ltr'>Zoico-</span> 
     </span>
     <span class='ocr_line' id='line_1_36' title="bbox 91 3600 868 3683; baseline -0.004 -16"><span class='ocrx_word' id='word_1_211' title='bbox 91 3628 159 3668; x_wconf 91' lang='lat' dir='ltr'>rum</span> <span class='ocrx_word' id='word_1_212' title='bbox 187 3602 392 3682; x_wconf 85' lang='lat' dir='ltr'>suppeditant,</span> <span class='ocrx_word' id='word_1_213' title='bbox 422 3600 575 3660; x_wconf 81' lang='lat' dir='ltr'>manifesto</span> <span class='ocrx_word' id='word_1_214' title='bbox 610 3601 764 3662; x_wconf 87' lang='lat' dir='ltr'>brevitatis</span> <span class='ocrx_word' id='word_1_215' title='bbox 797 3624 868 3683; x_wconf 88' lang='lat' dir='ltr'>quc·</span> 
     </span>
     <span class='ocr_line' id='line_1_37' title="bbox 91 3689 864 3769; baseline -0.003 -15"><span class='ocrx_word' id='word_1_216' title='bbox 91 3697 161 3754; x_wconf 89' lang='lat' dir='ltr'>dam</span> <span class='ocrx_word' id='word_1_217' title='bbox 178 3689 276 3751; x_wconf 90' lang='lat' dir='ltr'>studio</span> <span class='ocrx_word' id='word_1_218' title='bbox 291 3689 418 3757; x_wconf 86' lang='lat' dir='ltr'>inventa,</span> <span class='ocrx_word' id='word_1_219' title='bbox 435 3707 559 3765; x_wconf 89' lang='lat' dir='ltr'>quorum</span> <span class='ocrx_word' id='word_1_220' title='bbox 574 3708 646 3748; x_wconf 91' lang='lat' dir='ltr'>vero</span> <span class='ocrx_word' id='word_1_221' title='bbox 660 3689 772 3749; x_wconf 90' lang='lat' dir='ltr'>nullum</span> <span class='ocrx_word' id='word_1_222' title='bbox 787 3693 864 3769; x_wconf 90' lang='lat' dir='ltr'>apud</span> 
     </span>
     <span class='ocr_line' id='line_1_38' title="bbox 92 3776 867 3851; baseline -0.004 -10"><span class='ocrx_word' id='word_1_223' title='bbox 92 3777 281 3841; x_wconf 74' lang='lat' dir='ltr'>Aristotelem</span> <span class='ocrx_word' id='word_1_224' title='bbox 300 3794 421 3851; x_wconf 84' lang='lat' dir='ltr'>usquam</span> <span class='ocrx_word' id='word_1_225' title='bbox 435 3776 573 3847; x_wconf 89' lang='lat' dir='ltr'>occurrit,</span> <span class='ocrx_word' id='word_1_226' title='bbox 594 3789 626 3834; x_wconf 92' lang='lat' dir='ltr'>ut</span> <span class='ocrx_word' id='word_1_227' title='bbox 644 3776 749 3835; x_wconf 88' lang='lat' dir='ltr'>horum</span> <span class='ocrx_word' id='word_1_228' title='bbox 771 3778 867 3838; x_wconf 90' lang='lat' dir='ltr'>libro·</span> 
     </span>
     <span class='ocr_line' id='line_1_39' title="bbox 93 3861 867 3941; baseline -0.004 -12"><span class='ocrx_word' id='word_1_229' title='bbox 93 3889 160 3930; x_wconf 88' lang='lat' dir='ltr'>rum</span> <span class='ocrx_word' id='word_1_230' title='bbox 186 3878 332 3925; x_wconf 89' lang='lat' dir='ltr'>auctorem</span> <span class='ocrx_word' id='word_1_231' title='bbox 359 3882 378 3920; x_wconf 89' lang='lat' dir='ltr'>a</span> <span class='ocrx_word' id='word_1_232' title='bbox 401 3861 576 3940; x_wconf 89' lang='lat' dir='ltr'>philosopho</span> <span class='ocrx_word' id='word_1_233' title='bbox 601 3863 750 3923; x_wconf 86' lang='lat' dir='ltr'>diversum</span> <span class='ocrx_word' id='word_1_234' title='bbox 768 3866 867 3941; x_wconf 84' lang='lat' dir='ltr'>t&#39;uisse,</span> 
     </span>
     <span class='ocr_line' id='line_1_40' title="bbox 91 3950 865 4035; baseline -0.003 -19"><span class='ocrx_word' id='word_1_235' title='bbox 91 3958 153 4035; x_wconf 87' lang='lat' dir='ltr'>jam</span> <span class='ocrx_word' id='word_1_236' title='bbox 189 3955 331 4012; x_wconf 85' lang='lat' dir='ltr'>neminem</span> <span class='ocrx_word' id='word_1_237' title='bbox 365 3950 463 4026; x_wconf 78' lang='lat' dir='ltr'>fugere</span> <span class='ocrx_word' id='word_1_238' title='bbox 491 3950 595 4027; x_wconf 87' lang='lat' dir='ltr'>possit.</span> <span class='ocrx_word' id='word_1_239' title='bbox 621 3950 666 4008; x_wconf 93' lang='lat' dir='ltr'>Ad</span> <span class='ocrx_word' id='word_1_240' title='bbox 691 3950 746 4011; x_wconf 88' lang='lat' dir='ltr'>hoc</span> <span class='ocrx_word' id='word_1_241' title='bbox 771 3966 865 4015; x_wconf 88' lang='lat' dir='ltr'>autern</span> 
     </span>
     <span class='ocr_line' id='line_1_41' title="bbox 93 4035 866 4121; baseline 0.003 -20"><span class='ocrx_word' id='word_1_242' title='bbox 93 4063 186 4121; x_wconf 87' lang='lat' dir='ltr'>genus</span> <span class='ocrx_word' id='word_1_243' title='bbox 203 4043 349 4120; x_wconf 89' lang='lat' dir='ltr'>pertinent</span> <span class='ocrx_word' id='word_1_244' title='bbox 362 4050 468 4115; x_wconf 82' lang='lat' dir='ltr'>praeter</span> <span class='ocrx_word' id='word_1_245' title='bbox 482 4035 616 4115; x_wconf 76' lang='grc' dir='ltr'>ἆμρίόιος,</span> <span class='ocrx_word' id='word_1_246' title='bbox 631 4038 715 4117; x_wconf 86' lang='lat' dir='ltr'>cujus</span> <span class='ocrx_word' id='word_1_247' title='bbox 729 4044 866 4105; x_wconf 86' lang='lat' dir='ltr'>vocabuli</span> 
     </span>
    </p>
   </div>
   <div class='ocr_carea' id='block_1_3' title="bbox 1635 497 1692 557">
    <p class='ocr_par' dir='ltr' id='par_1_4' title="bbox 1635 497 1692 557">
     <span class='ocr_line' id='line_1_42' title="bbox 1635 497 1692 557; baseline 0.035 -2"><span class='ocrx_word' id='word_1_248' title='bbox 1635 497 1692 557; x_wconf 69' lang='lat' dir='ltr'>tit</span> 
     </span>
    </p>
   </div>
   <div class='ocr_carea' id='block_1_4' title="bbox 921 621 1695 1573">
    <p class='ocr_par' dir='ltr' id='par_1_5' title="bbox 921 621 1695 1573">
     <span class='ocr_line' id='line_1_43' title="bbox 923 621 1693 704; baseline 0.01 -27"><span class='ocrx_word' id='word_1_249' title='bbox 923 623 983 678; x_wconf 80' lang='grc' dir='ltr'>νιῖν.</span> <span class='ocrx_word' id='word_1_250' title='bbox 1008 621 1118 681; x_wconf 84' lang='lat' dir='ltr'>ilorum</span> <span class='ocrx_word' id='word_1_251' title='bbox 1136 621 1344 680; x_wconf 81' lang='lat' dir='ltr'>vocabulorum</span> <span class='ocrx_word' id='word_1_252' title='bbox 1366 642 1455 700; x_wconf 90' lang='lat' dir='ltr'>quum</span> <span class='ocrx_word' id='word_1_253' title='bbox 1470 623 1599 701; x_wconf 81' lang='lat' dir='ltr'>quaedam</span> <span class='ocrx_word' id='word_1_254' title='bbox 1615 630 1693 704; x_wconf 84' lang='lat' dir='ltr'>apud</span> 
     </span>
     <span class='ocr_line' id='line_1_44' title="bbox 925 706 1693 789; baseline 0.007 -23"><span class='ocrx_word' id='word_1_255' title='bbox 925 706 1082 789; x_wconf 87' lang='lat' dir='ltr'>Apulejum</span> <span class='ocrx_word' id='word_1_256' title='bbox 1103 721 1263 780; x_wconf 85' lang='lat' dir='ltr'>recurrant,</span> <span class='ocrx_word' id='word_1_257' title='bbox 1278 709 1363 786; x_wconf 85' lang='lat' dir='ltr'>cujus</span> <span class='ocrx_word' id='word_1_258' title='bbox 1382 710 1443 769; x_wconf 80' lang='lat' dir='ltr'>baec</span> <span class='ocrx_word' id='word_1_259' title='bbox 1465 724 1532 769; x_wconf 85' lang='lat' dir='ltr'>sunt</span> <span class='ocrx_word' id='word_1_260' title='bbox 1546 711 1635 771; x_wconf 80' lang='lat' dir='ltr'>rerba</span> <span class='ocrx_word' id='word_1_261' title='bbox 1658 713 1693 771; x_wconf 89' lang='lat' dir='ltr'>de</span> 
     </span>
     <span class='ocr_line' id='line_1_45' title="bbox 924 795 1694 872; baseline 0.006 -20"><span class='ocrx_word' id='word_1_262' title='bbox 924 795 1051 871; x_wconf 81' lang='lat' dir='ltr'>Magiac.</span> <span class='ocrx_word' id='word_1_263' title='bbox 1061 796 1097 852; x_wconf 80' lang='lat'>38</span> <span class='ocrx_word' id='word_1_264' title='bbox 1109 816 1118 855; x_wconf 77' lang='lat' dir='ltr'><strong><em>z</em></strong></span> <span class='ocrx_word' id='word_1_265' title='bbox 1129 800 1171 853; x_wconf 90' lang='lat' dir='ltr'>Dc</span> <span class='ocrx_word' id='word_1_266' title='bbox 1178 800 1245 853; x_wconf 66' lang='lat' dir='ltr'>salis</span> <span class='ocrx_word' id='word_1_267' title='bbox 1251 801 1420 872; x_wconf 77' lang='lat' dir='ltr'>aquanlibus</span> <span class='ocrx_word' id='word_1_268' title='bbox 1429 801 1532 869; x_wconf 82' lang='lat' dir='ltr'>dicam,</span> <span class='ocrx_word' id='word_1_269' title='bbox 1543 820 1593 856; x_wconf 87' lang='lat' dir='ltr'>nec</span> <span class='ocrx_word' id='word_1_270' title='bbox 1602 814 1694 857; x_wconf 81' lang='lat' dir='ltr'>cetera</span> 
     </span>
     <span class='ocr_line' id='line_1_46' title="bbox 923 881 1692 963; baseline 0.004 -24"><span class='ocrx_word' id='word_1_271' title='bbox 923 886 1064 940; x_wconf 85' lang='lat' dir='ltr'>animalia</span> <span class='ocrx_word' id='word_1_272' title='bbox 1070 888 1126 939; x_wconf 88' lang='lat' dir='ltr'>nisi</span> <span class='ocrx_word' id='word_1_273' title='bbox 1134 888 1163 939; x_wconf 89' lang='lat' dir='ltr'>in</span> <span class='ocrx_word' id='word_1_274' title='bbox 1171 887 1361 956; x_wconf 85' lang='lat' dir='ltr'>communibus</span> <span class='ocrx_word' id='word_1_275' title='bbox 1369 881 1692 963; x_wconf 72' lang='lat' dir='ltr'>diffitentiisattingam.</span> 
     </span>
     <span class='ocr_line' id='line_1_47' title="bbox 924 972 1695 1047; baseline 0.003 -20"><span class='ocrx_word' id='word_1_276' title='bbox 924 972 1057 1028; x_wconf 85' lang='lat' dir='ltr'>Ausculta</span> <span class='ocrx_word' id='word_1_277' title='bbox 1066 977 1152 1044; x_wconf 79' lang='lat' dir='ltr'>igitur</span> <span class='ocrx_word' id='word_1_278' title='bbox 1164 992 1227 1047; x_wconf 83' lang='lat' dir='ltr'>quce</span> <span class='ocrx_word' id='word_1_279' title='bbox 1239 974 1343 1031; x_wconf 88' lang='lat' dir='ltr'>dicam.</span> <span class='ocrx_word' id='word_1_280' title='bbox 1353 973 1421 1028; x_wconf 82' lang='lat' dir='ltr'>lam</span> <span class='ocrx_word' id='word_1_281' title='bbox 1433 991 1478 1028; x_wconf 88' lang='lat' dir='ltr'>me</span> <span class='ocrx_word' id='word_1_282' title='bbox 1489 974 1623 1029; x_wconf 84' lang='lat' dir='ltr'>clamabis</span> <span class='ocrx_word' id='word_1_283' title='bbox 1634 993 1695 1029; x_wconf 90' lang='lat' dir='ltr'>ma·</span> 
     </span>
     <span class='ocr_line' id='line_1_48' title="bbox 921 1060 1695 1135; baseline 0.004 -22"><span class='ocrx_word' id='word_1_284' title='bbox 921 1065 985 1134; x_wconf 79' lang='lat' dir='ltr'>gica</span> <span class='ocrx_word' id='word_1_285' title='bbox 995 1064 1108 1115; x_wconf 86' lang='lat' dir='ltr'>nomina</span> <span class='ocrx_word' id='word_1_286' title='bbox 1120 1062 1252 1134; x_wconf 73' lang='lat' dir='ltr'>Egyptio</span> <span class='ocrx_word' id='word_1_287' title='bbox 1266 1061 1316 1115; x_wconf 84' lang='lat' dir='ltr'>oei</span> <span class='ocrx_word' id='word_1_288' title='bbox 1330 1060 1499 1131; x_wconf 78' lang='lat' dir='ltr'>Babylonico</span> <span class='ocrx_word' id='word_1_289' title='bbox 1512 1064 1566 1114; x_wconf 86' lang='lat' dir='ltr'>ritu</span> <span class='ocrx_word' id='word_1_290' title='bbox 1575 1078 1695 1135; x_wconf 82' lang='lat' dir='ltr'>percen-</span> 
     </span>
     <span class='ocr_line' id='line_1_49' title="bbox 922 1142 1692 1225; baseline 0.004 -24"><span class='ocrx_word' id='word_1_291' title='bbox 922 1142 1692 1225; x_wconf 69' lang='grc' dir='ltr'>ιειτισιλόχια,μαλόκια,μαλακόστρακα,χονδρόκανθα,</span> 
     </span>
     <span class='ocr_line' id='line_1_50' title="bbox 922 1230 1691 1313; baseline 0.001 -21"><span class='ocrx_word' id='word_1_292' title='bbox 922 1231 1137 1312; x_wconf 76' lang='grc' dir='ltr'>ὀστρακόδερμα,</span> <span class='ocrx_word' id='word_1_293' title='bbox 1156 1233 1368 1313; x_wconf 78' lang='grc' dir='ltr'>καρχαρόδοντα,</span> <span class='ocrx_word' id='word_1_294' title='bbox 1395 1230 1510 1312; x_wconf 68' lang='lat' dir='ltr'>duplica</span> <span class='ocrx_word' id='word_1_295' title='bbox 1520 1276 1530 1308; x_wconf 89' lang='lat'>,</span> <span class='ocrx_word' id='word_1_296' title='bbox 1542 1233 1691 1307; x_wconf 81' lang='grc' dir='ltr'>λιπιδωτό,</span> 
     </span>
     <span class='ocr_line' id='line_1_51' title="bbox 923 1318 1695 1399; baseline 0.001 -22"><span class='ocrx_word' id='word_1_297' title='bbox 923 1321 1067 1399; x_wconf 77' lang='grc' dir='ltr'>ρολιδωτό,</span> <span class='ocrx_word' id='word_1_298' title='bbox 1083 1318 1258 1399; x_wconf 79' lang='grc' dir='ltr'>διρμόπτερα,</span> <span class='ocrx_word' id='word_1_299' title='bbox 1274 1318 1463 1398; x_wconf 81' lang='grc' dir='ltr'>ατιγανόποδα,</span> <span class='ocrx_word' id='word_1_300' title='bbox 1478 1318 1591 1399; x_wconf 77' lang='grc' dir='ltr'>μονήρη,</span> <span class='ocrx_word' id='word_1_301' title='bbox 1610 1342 1695 1378; x_wconf 86' lang='grc' dir='ltr'>συνα-</span> 
     </span>
     <span class='ocr_line' id='line_1_52' title="bbox 922 1406 1694 1485; baseline 0.004 -20"><span class='ocrx_word' id='word_1_302' title='bbox 922 1408 1083 1483; x_wconf 80' lang='grc' dir='ltr'>γιλαστικό,</span> <span class='ocrx_word' id='word_1_303' title='bbox 1109 1408 1156 1467; x_wconf 90' lang='lat' dir='ltr'>illi</span> <span class='ocrx_word' id='word_1_304' title='bbox 1183 1408 1338 1467; x_wconf 86' lang='lat' dir='ltr'>Zoicorum</span> <span class='ocrx_word' id='word_1_305' title='bbox 1368 1406 1461 1466; x_wconf 89' lang='lat' dir='ltr'>libros</span> <span class='ocrx_word' id='word_1_306' title='bbox 1487 1426 1547 1465; x_wconf 92' lang='lat' dir='ltr'>non</span> <span class='ocrx_word' id='word_1_307' title='bbox 1578 1407 1694 1485; x_wconf 90' lang='lat' dir='ltr'>ignotos</span> 
     </span>
     <span class='ocr_line' id='line_1_53' title="bbox 924 1493 1693 1573; baseline 0.003 -21"><span class='ocrx_word' id='word_1_308' title='bbox 924 1495 1012 1554; x_wconf 84' lang='lat' dir='ltr'>luisse</span> <span class='ocrx_word' id='word_1_309' title='bbox 1026 1495 1239 1555; x_wconf 86' lang='lat' dir='ltr'>verisimillima</span> <span class='ocrx_word' id='word_1_310' title='bbox 1251 1508 1294 1555; x_wconf 90' lang='lat' dir='ltr'>est</span> <span class='ocrx_word' id='word_1_311' title='bbox 1308 1493 1487 1572; x_wconf 85' lang='lat' dir='ltr'>conjectura,</span> <span class='ocrx_word' id='word_1_312' title='bbox 1503 1513 1590 1573; x_wconf 90' lang='lat' dir='ltr'>quam</span> <span class='ocrx_word' id='word_1_313' title='bbox 1609 1498 1693 1554; x_wconf 85' lang='lat' dir='ltr'>etiam</span> 
     </span>
    </p>
   </div>
   <div class='ocr_carea' id='block_1_5' title="bbox 923 1582 1787 1659">
    <p class='ocr_par' dir='ltr' id='par_1_6' title="bbox 923 1582 1787 1659">
     <span class='ocr_line' id='line_1_54' title="bbox 923 1582 1787 1659; baseline 0 -18"><span class='ocrx_word' id='word_1_314' title='bbox 923 1582 955 1641; x_wconf 89' lang='lat' dir='ltr'>in</span> <span class='ocrx_word' id='word_1_315' title='bbox 969 1582 1068 1641; x_wconf 87' lang='lat' dir='ltr'>eadem</span> <span class='ocrx_word' id='word_1_316' title='bbox 1080 1583 1212 1643; x_wconf 89' lang='lat' dir='ltr'>oratione</span> <span class='ocrx_word' id='word_1_317' title='bbox 1223 1585 1260 1642; x_wconf 88' lang='lat' dir='ltr'>de</span> <span class='ocrx_word' id='word_1_318' title='bbox 1280 1582 1375 1659; x_wconf 85' lang='lat' dir='ltr'>hlagia</span> <span class='ocrx_word' id='word_1_319' title='bbox 1385 1603 1412 1642; x_wconf 92' lang='lat' dir='ltr'>c.</span> <span class='ocrx_word' id='word_1_320' title='bbox 1430 1589 1479 1654; x_wconf 73' lang='lat' dir='ltr'>lo,</span> <span class='ocrx_word' id='word_1_321' title='bbox 1490 1601 1526 1641; x_wconf 81' lang='lat' dir='ltr'>ex</span> <span class='ocrx_word' id='word_1_322' title='bbox 1539 1582 1694 1641; x_wconf 84' lang='lat' dir='ltr'>Aristotele</span> <span class='ocrx_word' id='word_1_323' title='bbox 1783 1590 1787 1599; x_wconf 92' lang='grc'><strong>’</strong></span> 
     </span>
    </p>
   </div>
   <div class='ocr_carea' id='block_1_6' title="bbox 920 1666 1696 2798">
    <p class='ocr_par' dir='ltr' id='par_1_7' title="bbox 920 1666 1696 2798">
     <span class='ocr_line' id='line_1_55' title="bbox 924 1666 1693 1746; baseline 0.001 -21"><span class='ocrx_word' id='word_1_324' title='bbox 924 1681 1083 1726; x_wconf 86' lang='lat' dir='ltr'>memorata</span> <span class='ocrx_word' id='word_1_325' title='bbox 1095 1668 1225 1727; x_wconf 86' lang='lat' dir='ltr'>narratio</span> <span class='ocrx_word' id='word_1_326' title='bbox 1241 1667 1277 1725; x_wconf 90' lang='lat' dir='ltr'>dc</span> <span class='ocrx_word' id='word_1_327' title='bbox 1290 1667 1380 1726; x_wconf 89' lang='lat' dir='ltr'>asello</span> <span class='ocrx_word' id='word_1_328' title='bbox 1394 1667 1485 1744; x_wconf 87' lang='lat' dir='ltr'>pisce,</span> <span class='ocrx_word' id='word_1_329' title='bbox 1502 1666 1607 1727; x_wconf 89' lang='lat' dir='ltr'>collato</span> <span class='ocrx_word' id='word_1_330' title='bbox 1619 1688 1693 1746; x_wconf 83' lang='lat' dir='ltr'>prae·</span> 
     </span>
     <span class='ocr_line' id='line_1_56' title="bbox 924 1753 1695 1836; baseline -0.003 -20"><span class='ocrx_word' id='word_1_331' title='bbox 924 1756 1025 1816; x_wconf 88' lang='lat' dir='ltr'>sertim</span> <span class='ocrx_word' id='word_1_332' title='bbox 1040 1756 1178 1815; x_wconf 71' lang='lat' dir='ltr'>Athenaeo</span> <span class='ocrx_word' id='word_1_333' title='bbox 1189 1754 1245 1836; x_wconf 83' lang='lat' dir='ltr'>(cl.</span> <span class='ocrx_word' id='word_1_334' title='bbox 1262 1755 1365 1831; x_wconf 78' lang='lat' dir='ltr'>fragm.</span> <span class='ocrx_word' id='word_1_335' title='bbox 1378 1763 1412 1823; x_wconf 61' lang='grc' dir='ltr'>[ιι</span> <span class='ocrx_word' id='word_1_336' title='bbox 1426 1753 1447 1831; x_wconf 76' lang='lat' dir='ltr'>l,</span> <span class='ocrx_word' id='word_1_337' title='bbox 1460 1754 1576 1832; x_wconf 77' lang='lat' dir='ltr'>egregie</span> <span class='ocrx_word' id='word_1_338' title='bbox 1590 1757 1695 1814; x_wconf 87' lang='lat' dir='ltr'>confir·</span> 
     </span>
     <span class='ocr_line' id='line_1_57' title="bbox 923 1840 1695 1905; baseline 0 -3"><span class='ocrx_word' id='word_1_339' title='bbox 923 1843 1255 1905; x_wconf 77' lang='lat' dir='ltr'>mst.l&#39;ermncnimvero</span> <span class='ocrx_word' id='word_1_340' title='bbox 1266 1844 1310 1902; x_wconf 84' lang='lat' dir='ltr'>sac</span> <span class='ocrx_word' id='word_1_341' title='bbox 1322 1843 1378 1901; x_wconf 91' lang='lat' dir='ltr'>hos</span> <span class='ocrx_word' id='word_1_342' title='bbox 1387 1841 1540 1901; x_wconf 84' lang='lat' dir='ltr'>Zoicorum</span> <span class='ocrx_word' id='word_1_343' title='bbox 1550 1840 1643 1901; x_wconf 88' lang='lat' dir='ltr'>libros</span> <span class='ocrx_word' id='word_1_344' title='bbox 1651 1863 1695 1902; x_wconf 87' lang='lat' dir='ltr'>re·</span> 
     </span>
     <span class='ocr_line' id='line_1_58' title="bbox 923 1924 1696 2011; baseline 0 -21"><span class='ocrx_word' id='word_1_345' title='bbox 923 1952 989 1991; x_wconf 90' lang='lat' dir='ltr'>vera</span> <span class='ocrx_word' id='word_1_346' title='bbox 1004 1934 1166 1992; x_wconf 86' lang='lat' dir='ltr'>innotuisse</span> <span class='ocrx_word' id='word_1_347' title='bbox 1180 1931 1324 2011; x_wconf 88' lang='lat' dir='ltr'>Apulejo,</span> <span class='ocrx_word' id='word_1_348' title='bbox 1340 1924 1399 1989; x_wconf 84' lang='lat' dir='ltr'>non</span> <span class='ocrx_word' id='word_1_349' title='bbox 1420 1931 1516 1989; x_wconf 87' lang='lat' dir='ltr'>statim</span> <span class='ocrx_word' id='word_1_350' title='bbox 1535 1929 1605 1989; x_wconf 90' lang='lat' dir='ltr'>inde</span> <span class='ocrx_word' id='word_1_351' title='bbox 1626 1951 1696 1990; x_wconf 91' lang='lat' dir='ltr'>cou-</span> 
     </span>
     <span class='ocr_line' id='line_1_59' title="bbox 922 2017 1693 2099; baseline -0.003 -19"><span class='ocrx_word' id='word_1_352' title='bbox 922 2033 1065 2099; x_wconf 78' lang='lat' dir='ltr'>sequetur,</span> <span class='ocrx_word' id='word_1_353' title='bbox 1080 2020 1196 2080; x_wconf 89' lang='lat' dir='ltr'>eosdem</span> <span class='ocrx_word' id='word_1_354' title='bbox 1207 2020 1251 2078; x_wconf 89' lang='lat' dir='ltr'>illi</span> <span class='ocrx_word' id='word_1_355' title='bbox 1265 2020 1354 2078; x_wconf 83' lang='lat' dir='ltr'>luisse</span> <span class='ocrx_word' id='word_1_356' title='bbox 1365 2032 1451 2097; x_wconf 85' lang='lat' dir='ltr'>atque</span> <span class='ocrx_word' id='word_1_357' title='bbox 1461 2037 1535 2096; x_wconf 89' lang='lat' dir='ltr'>quos</span> <span class='ocrx_word' id='word_1_358' title='bbox 1547 2017 1568 2078; x_wconf 92' lang='lat' dir='ltr'>l.</span> <span class='ocrx_word' id='word_1_359' title='bbox 1584 2017 1603 2075; x_wconf 94' lang='lat' dir='ltr'>l.</span> <span class='ocrx_word' id='word_1_360' title='bbox 1617 2040 1641 2077; x_wconf 89' lang='lat' dir='ltr'>c.</span> <span class='ocrx_word' id='word_1_361' title='bbox 1656 2021 1693 2078; x_wconf 80' lang='lat'>36</span> 
     </span>
     <span class='ocr_line' id='line_1_60' title="bbox 925 2106 1693 2190; baseline -0.001 -24"><span class='ocrx_word' id='word_1_362' title='bbox 925 2112 1078 2166; x_wconf 82' lang='lat' dir='ltr'>Aristotelis</span> <span class='ocrx_word' id='word_1_363' title='bbox 1102 2108 1162 2188; x_wconf 80' lang='lat' dir='ltr'>napi</span> <span class='ocrx_word' id='word_1_364' title='bbox 1188 2106 1269 2190; x_wconf 73' lang='grc' dir='ltr'>Ζῴιον</span> <span class='ocrx_word' id='word_1_365' title='bbox 1286 2108 1418 2181; x_wconf 73' lang='grc' dir='ltr'>ἀνατομῆς</span> <span class='ocrx_word' id='word_1_366' title='bbox 1440 2118 1468 2163; x_wconf 86' lang='lat' dir='ltr'>et</span> <span class='ocrx_word' id='word_1_367' title='bbox 1489 2126 1515 2163; x_wconf 92' lang='lat' dir='ltr'>c.</span> <span class='ocrx_word' id='word_1_368' title='bbox 1533 2115 1581 2177; x_wconf 70' lang='lat'>40,</span> <span class='ocrx_word' id='word_1_369' title='bbox 1609 2109 1693 2165; x_wconf 80' lang='lat' dir='ltr'>libros</span> 
     </span>
     <span class='ocr_line' id='line_1_61' title="bbox 922 2191 1690 2271; baseline -0.004 -17"><span class='ocrx_word' id='word_1_370' title='bbox 922 2194 1071 2271; x_wconf 79' lang='grc' dir='ltr'>Ἀνατομῶν</span> <span class='ocrx_word' id='word_1_371' title='bbox 1090 2200 1247 2253; x_wconf 83' lang='lat' dir='ltr'>Aristotelis</span> <span class='ocrx_word' id='word_1_372' title='bbox 1259 2205 1424 2268; x_wconf 81' lang='lat' dir='ltr'>vocaverat,</span> <span class='ocrx_word' id='word_1_373' title='bbox 1441 2211 1534 2269; x_wconf 85' lang='lat' dir='ltr'>neque</span> <span class='ocrx_word' id='word_1_374' title='bbox 1548 2191 1615 2251; x_wconf 84' lang='lat' dir='ltr'>ideo</span> <span class='ocrx_word' id='word_1_375' title='bbox 1639 2194 1690 2270; x_wconf 81' lang='lat' dir='ltr'>qui</span> 
     </span>
     <span class='ocr_line' id='line_1_62' title="bbox 923 2280 1692 2343; baseline -0.001 -2"><span class='ocrx_word' id='word_1_376' title='bbox 923 2284 953 2342; x_wconf 91' lang='lat' dir='ltr'>in</span> <span class='ocrx_word' id='word_1_377' title='bbox 981 2282 1130 2343; x_wconf 85' lang='lat' dir='ltr'>indicibus</span> <span class='ocrx_word' id='word_1_378' title='bbox 1164 2285 1218 2343; x_wconf 92' lang='lat' dir='ltr'>sub</span> <span class='ocrx_word' id='word_1_379' title='bbox 1245 2282 1301 2341; x_wconf 91' lang='lat' dir='ltr'>boc</span> <span class='ocrx_word' id='word_1_380' title='bbox 1325 2280 1410 2340; x_wconf 90' lang='lat' dir='ltr'>titulo</span> <span class='ocrx_word' id='word_1_381' title='bbox 1438 2280 1602 2340; x_wconf 77' lang='lat' dir='ltr'>asseruntur</span> <span class='ocrx_word' id='word_1_382' title='bbox 1622 2280 1692 2340; x_wconf 92' lang='lat' dir='ltr'>libri</span> 
     </span>
     <span class='ocr_line' id='line_1_63' title="bbox 922 2367 1690 2448; baseline -0.005 -17"><span class='ocrx_word' id='word_1_383' title='bbox 922 2372 1033 2448; x_wconf 88' lang='lat' dir='ltr'>(Diog.</span> <span class='ocrx_word' id='word_1_384' title='bbox 1062 2370 1157 2429; x_wconf 79' lang='lat' dir='ltr'>laert.</span> <span class='ocrx_word' id='word_1_385' title='bbox 1186 2368 1261 2442; x_wconf 66' lang='lat' dir='ltr'>roa,</span> <span class='ocrx_word' id='word_1_386' title='bbox 1285 2370 1379 2428; x_wconf 84' lang='lat' dir='ltr'>Aaou.</span> <span class='ocrx_word' id='word_1_387' title='bbox 1402 2367 1470 2446; x_wconf 62' lang='grc'>84),</span> <span class='ocrx_word' id='word_1_388' title='bbox 1496 2367 1690 2428; x_wconf 86' lang='lat' dir='ltr'>aZoicornm</span> 
     </span>
     <span class='ocr_line' id='line_1_64' title="bbox 922 2456 1692 2535; baseline -0.003 -18"><span class='ocrx_word' id='word_1_389' title='bbox 922 2479 980 2518; x_wconf 92' lang='lat' dir='ltr'>non</span> <span class='ocrx_word' id='word_1_390' title='bbox 995 2457 1190 2535; x_wconf 87' lang='lat' dir='ltr'>distinguendi</span> <span class='ocrx_word' id='word_1_391' title='bbox 1214 2470 1310 2520; x_wconf 86' lang='lat' dir='ltr'>eruut.</span> <span class='ocrx_word' id='word_1_392' title='bbox 1329 2456 1363 2515; x_wconf 91' lang='lat' dir='ltr'>ln</span> <span class='ocrx_word' id='word_1_393' title='bbox 1385 2456 1461 2514; x_wconf 92' lang='lat' dir='ltr'>hanc</span> <span class='ocrx_word' id='word_1_394' title='bbox 1483 2475 1554 2514; x_wconf 81' lang='lat' dir='ltr'>vero</span> <span class='ocrx_word' id='word_1_395' title='bbox 1577 2469 1692 2516; x_wconf 90' lang='lat' dir='ltr'>senten·</span> 
     </span>
     <span class='ocr_line' id='line_1_65' title="bbox 922 2541 1689 2622; baseline -0.003 -17"><span class='ocrx_word' id='word_1_396' title='bbox 922 2550 989 2606; x_wconf 89' lang='lat' dir='ltr'>tiam</span> <span class='ocrx_word' id='word_1_397' title='bbox 1012 2565 1048 2605; x_wconf 86' lang='lat' dir='ltr'>eo</span> <span class='ocrx_word' id='word_1_398' title='bbox 1072 2546 1189 2622; x_wconf 89' lang='lat' dir='ltr'>longius</span> <span class='ocrx_word' id='word_1_399' title='bbox 1211 2543 1313 2605; x_wconf 74' lang='grc' dir='ltr'>αλιαιιιιι</span> <span class='ocrx_word' id='word_1_400' title='bbox 1332 2557 1443 2602; x_wconf 84' lang='grc' dir='ltr'>ιιιοιιιιι</span> <span class='ocrx_word' id='word_1_401' title='bbox 1461 2541 1549 2602; x_wconf 84' lang='lat' dir='ltr'>llosio</span> <span class='ocrx_word' id='word_1_402' title='bbox 1574 2544 1689 2617; x_wconf 87' lang='lat' dir='ltr'>abeam,</span> 
     </span>
     <span class='ocr_line' id='line_1_66' title="bbox 921 2629 1689 2712; baseline -0.004 -20"><span class='ocrx_word' id='word_1_403' title='bbox 921 2654 980 2712; x_wconf 85' lang='lat' dir='ltr'>quo</span> <span class='ocrx_word' id='word_1_404' title='bbox 1002 2633 1094 2710; x_wconf 85' lang='lat' dir='ltr'>magis</span> <span class='ocrx_word' id='word_1_405' title='bbox 1108 2653 1125 2692; x_wconf 89' lang='lat' dir='ltr'>a</span> <span class='ocrx_word' id='word_1_406' title='bbox 1138 2632 1189 2690; x_wconf 93' lang='lat' dir='ltr'>tali</span> <span class='ocrx_word' id='word_1_407' title='bbox 1207 2631 1313 2691; x_wconf 89' lang='lat' dir='ltr'>horum</span> <span class='ocrx_word' id='word_1_408' title='bbox 1328 2629 1474 2689; x_wconf 89' lang='lat' dir='ltr'>librorum</span> <span class='ocrx_word' id='word_1_409' title='bbox 1493 2630 1689 2708; x_wconf 90' lang='lat' dir='ltr'>inscriptione</span> 
     </span>
     <span class='ocr_line' id='line_1_67' title="bbox 920 2717 1693 2798; baseline -0.003 -19"><span class='ocrx_word' id='word_1_410' title='bbox 920 2720 1094 2797; x_wconf 88' lang='lat' dir='ltr'>abhorrent,</span> <span class='ocrx_word' id='word_1_411' title='bbox 1107 2738 1286 2798; x_wconf 83' lang='lat' dir='ltr'>quaecunquc</span> <span class='ocrx_word' id='word_1_412' title='bbox 1299 2738 1336 2777; x_wconf 81' lang='lat' dir='ltr'>ex</span> <span class='ocrx_word' id='word_1_413' title='bbox 1350 2717 1388 2776; x_wconf 88' lang='lat' dir='ltr'>iis</span> <span class='ocrx_word' id='word_1_414' title='bbox 1406 2730 1520 2776; x_wconf 82' lang='lat' dir='ltr'>serrata</span> <span class='ocrx_word' id='word_1_415' title='bbox 1533 2730 1601 2777; x_wconf 90' lang='lat' dir='ltr'>sunt</span> <span class='ocrx_word' id='word_1_416' title='bbox 1617 2717 1693 2794; x_wconf 85' lang='lat' dir='ltr'>lrag·</span> 
     </span>
    </p>
   </div>
   <div class='ocr_carea' id='block_1_7' title="bbox 923 2822 1030 2869">
    <p class='ocr_par' dir='ltr' id='par_1_8' title="bbox 923 2822 1030 2869">
     <span class='ocr_line' id='line_1_68' title="bbox 923 2822 1030 2869; baseline 0 -2"><span class='ocrx_word' id='word_1_417' title='bbox 923 2822 1030 2869; x_wconf 58' lang='lat' dir='ltr'>melli&amp;</span> 
     </span>
    </p>
   </div>
   <div class='ocr_carea' id='block_1_8' title="bbox 1138 2945 1470 3024">
    <p class='ocr_par' dir='ltr' id='par_1_9' title="bbox 1138 2945 1470 3024">
     <span class='ocr_line' id='line_1_69' title="bbox 1138 2945 1470 3024; baseline -0.003 -18"><span class='ocrx_word' id='word_1_418' title='bbox 1138 2947 1252 3024; x_wconf 83' lang='lat' dir='ltr'>(nsrr</span> <span class='ocrx_word' id='word_1_419' title='bbox 1277 2945 1470 3023; x_wconf 82' lang='lat' dir='ltr'>ormeun.)</span> 
     </span>
    </p>
   </div>
   <div class='ocr_carea' id='block_1_9' title="bbox 1232 3093 1379 3171">
    <p class='ocr_par' dir='ltr' id='par_1_10' title="bbox 1232 3093 1379 3171">
     <span class='ocr_line' id='line_1_70' title="bbox 1232 3093 1379 3171; baseline -0.014 -1"><span class='ocrx_word' id='word_1_420' title='bbox 1232 3114 1244 3152; x_wconf 87' lang='lat'>1</span> <span class='ocrx_word' id='word_1_421' title='bbox 1269 3093 1379 3171; x_wconf 74' lang='lat'><strong>(2³7).</strong></span> 
     </span>
    </p>
   </div>
   <div class='ocr_carea' id='block_1_10' title="bbox 918 3230 1694 4100">
    <p class='ocr_par' dir='ltr' id='par_1_11' title="bbox 918 3230 1694 4100">
     <span class='ocr_line' id='line_1_71' title="bbox 957 3230 1690 3306; baseline 0 -17"><span class='ocrx_word' id='word_1_422' title='bbox 957 3230 1061 3291; x_wconf 83' lang='lat' dir='ltr'>Cicero</span> <span class='ocrx_word' id='word_1_423' title='bbox 1075 3231 1111 3289; x_wconf 90' lang='lat' dir='ltr'>de</span> <span class='ocrx_word' id='word_1_424' title='bbox 1124 3230 1230 3290; x_wconf 86' lang='lat' dir='ltr'>Natura</span> <span class='ocrx_word' id='word_1_425' title='bbox 1254 3232 1340 3289; x_wconf 84' lang='lat' dir='ltr'>Deor.</span> <span class='ocrx_word' id='word_1_426' title='bbox 1365 3233 1406 3304; x_wconf 88' lang='lat'>11,</span> <span class='ocrx_word' id='word_1_427' title='bbox 1430 3239 1496 3306; x_wconf 69' lang='lat'>49:</span> <span class='ocrx_word' id='word_1_428' title='bbox 1524 3233 1604 3287; x_wconf 80' lang='lat' dir='ltr'>illud</span> <span class='ocrx_word' id='word_1_429' title='bbox 1627 3253 1690 3290; x_wconf 78' lang='lat' dir='ltr'>vero</span> 
     </span>
     <span class='ocr_line' id='line_1_72' title="bbox 919 3321 1685 3395; baseline -0.001 -19"><span class='ocrx_word' id='word_1_430' title='bbox 919 3323 956 3377; x_wconf 84' lang='lat' dir='ltr'>ab</span> <span class='ocrx_word' id='word_1_431' title='bbox 975 3323 1153 3378; x_wconf 79' lang='lat' dir='ltr'>Aursrornse</span> <span class='ocrx_word' id='word_1_432' title='bbox 1174 3321 1413 3386; x_wconf 79' lang='lat' dir='ltr'>animadversum,</span> <span class='ocrx_word' id='word_1_433' title='bbox 1439 3338 1459 3373; x_wconf 89' lang='lat' dir='ltr'>a</span> <span class='ocrx_word' id='word_1_434' title='bbox 1472 3336 1526 3393; x_wconf 80' lang='lat' dir='ltr'>quo</span> <span class='ocrx_word' id='word_1_435' title='bbox 1536 3321 1685 3395; x_wconf 83' lang='lat' dir='ltr'>pleraque,</span> 
     </span>
     <span class='ocr_line' id='line_1_73' title="bbox 919 3409 1689 3483; baseline -0.001 -20"><span class='ocrx_word' id='word_1_436' title='bbox 919 3415 981 3483; x_wconf 85' lang='lat' dir='ltr'>quis</span> <span class='ocrx_word' id='word_1_437' title='bbox 998 3420 1091 3482; x_wconf 87' lang='lat' dir='ltr'>potest</span> <span class='ocrx_word' id='word_1_438' title='bbox 1114 3427 1169 3462; x_wconf 89' lang='lat' dir='ltr'>non</span> <span class='ocrx_word' id='word_1_439' title='bbox 1188 3411 1302 3476; x_wconf 89' lang='lat' dir='ltr'>mirari,</span> <span class='ocrx_word' id='word_1_440' title='bbox 1317 3425 1401 3482; x_wconf 80' lang='lat' dir='ltr'>grues</span> <span class='ocrx_word' id='word_1_441' title='bbox 1423 3426 1507 3480; x_wconf 76' lang='lat' dir='ltr'>quum</span> <span class='ocrx_word' id='word_1_442' title='bbox 1530 3409 1592 3462; x_wconf 86' lang='lat' dir='ltr'>loca</span> <span class='ocrx_word' id='word_1_443' title='bbox 1615 3411 1689 3462; x_wconf 87' lang='lat' dir='ltr'>cali·</span> 
     </span>
     <span class='ocr_line' id='line_1_74' title="bbox 921 3499 1694 3573; baseline 0 -22"><span class='ocrx_word' id='word_1_444' title='bbox 921 3499 1004 3553; x_wconf 83' lang='lat' dir='ltr'>diora</span> <span class='ocrx_word' id='word_1_445' title='bbox 1029 3508 1160 3573; x_wconf 83' lang='lat' dir='ltr'>petentes</span> <span class='ocrx_word' id='word_1_446' title='bbox 1191 3502 1285 3551; x_wconf 87' lang='lat' dir='ltr'>maria</span> <span class='ocrx_word' id='word_1_447' title='bbox 1313 3500 1520 3562; x_wconf 83' lang='lat' dir='ltr'>transmittant,</span> <span class='ocrx_word' id='word_1_448' title='bbox 1557 3499 1694 3568; x_wconf 82' lang='lat' dir='ltr'>trianguli</span> 
     </span>
     <span class='ocr_line' id='line_1_75' title="bbox 919 3583 1693 3659; baseline -0.004 -19"><span class='ocrx_word' id='word_1_449' title='bbox 919 3583 1034 3659; x_wconf 74' lang='lat' dir='ltr'>efficere</span> <span class='ocrx_word' id='word_1_450' title='bbox 1043 3583 1182 3656; x_wconf 84' lang='lat' dir='ltr'>sormam.</span> <span class='ocrx_word' id='word_1_451' title='bbox 1206 3584 1276 3653; x_wconf 79' lang='lat' dir='ltr'>Ejus</span> <span class='ocrx_word' id='word_1_452' title='bbox 1289 3595 1382 3638; x_wconf 87' lang='lat' dir='ltr'>autern</span> <span class='ocrx_word' id='word_1_453' title='bbox 1402 3599 1509 3637; x_wconf 86' lang='lat' dir='ltr'>summo</span> <span class='ocrx_word' id='word_1_454' title='bbox 1523 3584 1630 3654; x_wconf 84' lang='lat' dir='ltr'>angulo</span> <span class='ocrx_word' id='word_1_455' title='bbox 1642 3602 1693 3637; x_wconf 87' lang='lat' dir='ltr'>aer</span> 
     </span>
     <span class='ocr_line' id='line_1_76' title="bbox 919 3669 1693 3745; baseline -0.004 -17"><span class='ocrx_word' id='word_1_456' title='bbox 919 3674 956 3728; x_wconf 85' lang='lat' dir='ltr'>ab</span> <span class='ocrx_word' id='word_1_457' title='bbox 968 3678 1005 3727; x_wconf 89' lang='lat' dir='ltr'>iis</span> <span class='ocrx_word' id='word_1_458' title='bbox 1014 3673 1144 3728; x_wconf 78' lang='lat' dir='ltr'>adversus</span> <span class='ocrx_word' id='word_1_459' title='bbox 1160 3672 1288 3745; x_wconf 79' lang='lat' dir='ltr'>pellitur,</span> <span class='ocrx_word' id='word_1_460' title='bbox 1303 3671 1404 3726; x_wconf 85' lang='lat' dir='ltr'>deinde</span> <span class='ocrx_word' id='word_1_461' title='bbox 1411 3674 1514 3725; x_wconf 88' lang='lat' dir='ltr'>sensim</span> <span class='ocrx_word' id='word_1_462' title='bbox 1529 3669 1693 3743; x_wconf 76' lang='lat' dir='ltr'>adunaque</span> 
     </span>
     <span class='ocr_line' id='line_1_77' title="bbox 922 3760 1693 3834; baseline -0.004 -18"><span class='ocrx_word' id='word_1_463' title='bbox 922 3762 1009 3816; x_wconf 77' lang='lat' dir='ltr'>hstcre</span> <span class='ocrx_word' id='word_1_464' title='bbox 1028 3772 1161 3834; x_wconf 73' lang='lat' dir='ltr'>tatianam</span> <span class='ocrx_word' id='word_1_465' title='bbox 1174 3765 1257 3815; x_wconf 87' lang='lat' dir='ltr'>remis</span> <span class='ocrx_word' id='word_1_466' title='bbox 1273 3764 1315 3814; x_wconf 84' lang='lat' dir='ltr'>ita</span> <span class='ocrx_word' id='word_1_467' title='bbox 1321 3763 1426 3833; x_wconf 79' lang='lat' dir='ltr'>pennis</span> <span class='ocrx_word' id='word_1_468' title='bbox 1437 3776 1532 3813; x_wconf 75' lang='lat' dir='ltr'>eurora</span> <span class='ocrx_word' id='word_1_469' title='bbox 1544 3761 1635 3812; x_wconf 80' lang='lat' dir='ltr'>avium</span> <span class='ocrx_word' id='word_1_470' title='bbox 1653 3760 1693 3813; x_wconf 89' lang='lat' dir='ltr'>le·</span> 
     </span>
     <span class='ocr_line' id='line_1_78' title="bbox 921 3842 1692 3920; baseline -0.003 -19"><span class='ocrx_word' id='word_1_471' title='bbox 921 3860 1009 3906; x_wconf 82' lang='lat' dir='ltr'>vatur.</span> <span class='ocrx_word' id='word_1_472' title='bbox 1036 3850 1119 3903; x_wconf 81' lang='lat' dir='ltr'>Baris</span> <span class='ocrx_word' id='word_1_473' title='bbox 1140 3858 1233 3902; x_wconf 87' lang='lat' dir='ltr'>autem</span> <span class='ocrx_word' id='word_1_474' title='bbox 1257 3847 1394 3919; x_wconf 77' lang='lat' dir='ltr'>trianguli</span> <span class='ocrx_word' id='word_1_475' title='bbox 1416 3864 1497 3920; x_wconf 82' lang='lat' dir='ltr'>quem</span> <span class='ocrx_word' id='word_1_476' title='bbox 1520 3863 1604 3919; x_wconf 80' lang='lat' dir='ltr'>grues</span> <span class='ocrx_word' id='word_1_477' title='bbox 1625 3842 1692 3917; x_wconf 71' lang='lat' dir='ltr'>effi-</span> 
     </span>
     <span class='ocr_line' id='line_1_79' title="bbox 918 3934 1691 4010; baseline -0.005 -18"><span class='ocrx_word' id='word_1_478' title='bbox 918 3943 1011 4007; x_wconf 72' lang='lat' dir='ltr'>dunt,</span> <span class='ocrx_word' id='word_1_479' title='bbox 1036 3954 1072 3991; x_wconf 88' lang='lat' dir='ltr'>ea</span> <span class='ocrx_word' id='word_1_480' title='bbox 1097 3948 1231 4010; x_wconf 82' lang='lat' dir='ltr'>tanquam</span> <span class='ocrx_word' id='word_1_481' title='bbox 1254 3953 1274 3990; x_wconf 88' lang='lat' dir='ltr'>a</span> <span class='ocrx_word' id='word_1_482' title='bbox 1291 3938 1382 4009; x_wconf 84' lang='lat' dir='ltr'>puppi</span> <span class='ocrx_word' id='word_1_483' title='bbox 1408 3939 1501 3990; x_wconf 71' lang='lat' dir='ltr'>uenus</span> <span class='ocrx_word' id='word_1_484' title='bbox 1524 3934 1691 4006; x_wconf 53' lang='lat' dir='ltr'>deducatur,-</span> 
     </span>
     <span class='ocr_line' id='line_1_80' title="bbox 918 4021 1689 4100; baseline -0.004 -18"><span class='ocrx_word' id='word_1_485' title='bbox 918 4043 1016 4100; x_wconf 77' lang='lat' dir='ltr'>soeque</span> <span class='ocrx_word' id='word_1_486' title='bbox 1032 4029 1061 4079; x_wconf 88' lang='lat' dir='ltr'>in</span> <span class='ocrx_word' id='word_1_487' title='bbox 1073 4036 1150 4100; x_wconf 76' lang='lat' dir='ltr'>tergo</span> <span class='ocrx_word' id='word_1_488' title='bbox 1159 4025 1373 4098; x_wconf 76' lang='lat' dir='ltr'>praevolantium</span> <span class='ocrx_word' id='word_1_489' title='bbox 1393 4021 1468 4077; x_wconf 85' lang='lat' dir='ltr'>calla</span> <span class='ocrx_word' id='word_1_490' title='bbox 1490 4032 1520 4077; x_wconf 90' lang='lat' dir='ltr'>et</span> <span class='ocrx_word' id='word_1_491' title='bbox 1534 4027 1630 4096; x_wconf 83' lang='lat' dir='ltr'>capita</span> <span class='ocrx_word' id='word_1_492' title='bbox 1643 4042 1689 4079; x_wconf 88' lang='lat' dir='ltr'>re-</span> 
     </span>
    </p>
   </div>
   <div class='ocr_carea' id='block_1_11' title="bbox 96 4107 1682 4208">
    <p class='ocr_par' dir='ltr' id='par_1_12' title="bbox 96 4107 1682 4208">
     <span class='ocr_line' id='line_1_81' title="bbox 96 4107 1682 4208; baseline -0.005 -18"><span class='ocrx_word' id='word_1_493' title='bbox 96 4132 198 4192; x_wconf 91' lang='lat' dir='ltr'>nullus</span> <span class='ocrx_word' id='word_1_494' title='bbox 219 4141 263 4188; x_wconf 91' lang='lat' dir='ltr'>est</span> <span class='ocrx_word' id='word_1_495' title='bbox 277 4146 346 4187; x_wconf 90' lang='lat' dir='ltr'>usus</span> <span class='ocrx_word' id='word_1_496' title='bbox 363 4127 440 4204; x_wconf 86' lang='lat' dir='ltr'>apud</span> <span class='ocrx_word' id='word_1_497' title='bbox 464 4125 665 4201; x_wconf 88' lang='lat' dir='ltr'>Aristotelem,</span> <span class='ocrx_word' id='word_1_498' title='bbox 681 4130 817 4208; x_wconf 87' lang='lat' dir='ltr'>quamvis</span> <span class='ocrx_word' id='word_1_499' title='bbox 832 4151 867 4191; x_wconf 90' lang='lat' dir='ltr'>eo</span> <span class='ocrx_word' id='word_1_500' title='bbox 916 4122 1032 4189; x_wconf 64' lang='lat' dir='ltr'>imm·</span> <span class='ocrx_word' id='word_1_501' title='bbox 1054 4112 1137 4183; x_wconf 67' lang='lat' dir='ltr'>Q‘wd</span> <span class='ocrx_word' id='word_1_502' title='bbox 1149 4115 1215 4185; x_wconf 52' lang='lat' dir='ltr'>lm</span> <span class='ocrx_word' id='word_1_503' title='bbox 1237 4115 1297 4184; x_wconf 56' lang='lat' dir='ltr'>‘&#39;Pi‘’</span> <span class='ocrx_word' id='word_1_504' title='bbox 1317 4110 1378 4164; x_wconf 52' lang='grc' dir='ltr'>ἄη</span> <span class='ocrx_word' id='word_1_505' title='bbox 1394 4107 1498 4181; x_wconf 62' lang='lat' dir='ltr'>same</span> <span class='ocrx_word' id='word_1_506' title='bbox 1521 4128 1577 4164; x_wconf 69' lang='lat'><em>&#39;&#39;⁰&#39;&#39;</em></span> <span class='ocrx_word' id='word_1_507' title='bbox 1591 4122 1682 4183; x_wconf 85' lang='lat' dir='ltr'>potest</span> 
     </span>
    </p>
   </div>
   <div class='ocr_carea' id='block_1_12' title="bbox 96 4213 867 4823">
    <p class='ocr_par' dir='ltr' id='par_1_13' title="bbox 96 4213 867 4823">
     <span class='ocr_line' id='line_1_82' title="bbox 97 4213 866 4291; baseline -0.003 -12"><span class='ocrx_word' id='word_1_508' title='bbox 97 4217 295 4279; x_wconf 82' lang='lat' dir='ltr'>Democritum</span> <span class='ocrx_word' id='word_1_509' title='bbox 316 4213 379 4291; x_wconf 85' lang='lat' dir='ltr'>jam</span> <span class='ocrx_word' id='word_1_510' title='bbox 401 4232 484 4272; x_wconf 88' lang='lat' dir='ltr'>usum</span> <span class='ocrx_word' id='word_1_511' title='bbox 512 4232 576 4273; x_wconf 85' lang='lat' dir='ltr'>esse</span> <span class='ocrx_word' id='word_1_512' title='bbox 609 4220 706 4275; x_wconf 84' lang='lat' dir='ltr'>testari</span> <span class='ocrx_word' id='word_1_513' title='bbox 728 4216 866 4279; x_wconf 85' lang='lat' dir='ltr'>rideatur</span> 
     </span>
     <span class='ocr_line' id='line_1_83' title="bbox 96 4299 867 4383; baseline 0.001 -20"><span class='ocrx_word' id='word_1_514' title='bbox 96 4305 317 4383; x_wconf 81' lang='lat' dir='ltr'>Theophrastus</span> <span class='ocrx_word' id='word_1_515' title='bbox 338 4301 376 4362; x_wconf 84' lang='lat' dir='ltr'>ir.</span> <span class='ocrx_word' id='word_1_516' title='bbox 393 4299 525 4375; x_wconf 72' lang='lat' dir='ltr'>clxxi,</span> <span class='ocrx_word' id='word_1_517' title='bbox 545 4322 579 4360; x_wconf 86' lang='lat' dir='ltr'>ra</span> <span class='ocrx_word' id='word_1_518' title='bbox 601 4305 734 4376; x_wconf 90' lang='lat' dir='ltr'>Wimm.,</span> <span class='ocrx_word' id='word_1_519' title='bbox 751 4306 867 4365; x_wconf 78' lang='lat' dir='ltr'>nomili-</span> 
     </span>
     <span class='ocr_line' id='line_1_84' title="bbox 99 4388 864 4473; baseline -0.003 -21"><span class='ocrx_word' id='word_1_520' title='bbox 99 4393 315 4471; x_wconf 77' lang='grc' dir='ltr'>ροδρσμέλαινος,</span> <span class='ocrx_word' id='word_1_521' title='bbox 342 4388 576 4471; x_wconf 76' lang='grc' dir='ltr'>μελανόγραμμοι,</span> <span class='ocrx_word' id='word_1_522' title='bbox 597 4392 864 4473; x_wconf 78' lang='grc' dir='ltr'>γραμματοποικόλα,</span> 
     </span>
     <span class='ocr_line' id='line_1_85' title="bbox 98 4475 866 4561; baseline 0.005 -24"><span class='ocrx_word' id='word_1_523' title='bbox 98 4480 253 4561; x_wconf 68' lang='grc' dir='ltr'>τριψίχροις,</span> <span class='ocrx_word' id='word_1_524' title='bbox 276 4476 460 4558; x_wconf 75' lang='grc' dir='ltr'>παχύστομον,</span> <span class='ocrx_word' id='word_1_525' title='bbox 479 4475 666 4553; x_wconf 85' lang='grc' dir='ltr'>λιπτόστομον,</span> <span class='ocrx_word' id='word_1_526' title='bbox 682 4479 866 4559; x_wconf 81' lang='grc' dir='ltr'>σχιδανόπους,</span> 
     </span>
     <span class='ocr_line' id='line_1_86' title="bbox 98 4563 866 4648; baseline 0.004 -24"><span class='ocrx_word' id='word_1_527' title='bbox 98 4568 275 4648; x_wconf 78' lang='grc' dir='ltr'>λιθοκόραλα,</span> <span class='ocrx_word' id='word_1_528' title='bbox 297 4567 495 4644; x_wconf 75' lang='grc' dir='ltr'>διιανθοστιρῆ,</span> <span class='ocrx_word' id='word_1_529' title='bbox 515 4563 726 4639; x_wconf 80' lang='grc' dir='ltr'>ποικιλόστικτα,</span> <span class='ocrx_word' id='word_1_530' title='bbox 753 4568 866 4643; x_wconf 80' lang='grc' dir='ltr'>μελανό·</span> 
     </span>
     <span class='ocr_line' id='line_1_87' title="bbox 102 4651 866 4734; baseline 0.001 -21"><span class='ocrx_word' id='word_1_531' title='bbox 102 4677 207 4732; x_wconf 86' lang='grc' dir='ltr'>ατικτα,</span> <span class='ocrx_word' id='word_1_532' title='bbox 221 4653 440 4733; x_wconf 86' lang='grc' dir='ltr'>σκολιόγραπτα,</span> <span class='ocrx_word' id='word_1_533' title='bbox 460 4651 678 4734; x_wconf 75' lang='grc' dir='ltr'>ἐρυθρόγραμμα,</span> <span class='ocrx_word' id='word_1_534' title='bbox 695 4656 866 4732; x_wconf 82' lang='grc' dir='ltr'>μονόκανθος,</span> 
     </span>
     <span class='ocr_line' id='line_1_88' title="bbox 102 4740 866 4823; baseline 0.009 -25"><span class='ocrx_word' id='word_1_535' title='bbox 102 4741 223 4822; x_wconf 81' lang='grc' dir='ltr'>δόραόδα,</span> <span class='ocrx_word' id='word_1_536' title='bbox 234 4741 402 4823; x_wconf 79' lang='grc' dir='ltr'>πολύραόδα,</span> <span class='ocrx_word' id='word_1_537' title='bbox 412 4740 595 4821; x_wconf 86' lang='grc' dir='ltr'>νωτόγραπτα,</span> <span class='ocrx_word' id='word_1_538' title='bbox 610 4743 792 4822; x_wconf 81' lang='grc' dir='ltr'>σχιδανόπους,</span> <span class='ocrx_word' id='word_1_539' title='bbox 805 4768 866 4805; x_wconf 82' lang='grc' dir='ltr'>σαν·</span> 
     </span>
    </p>
   </div>
   <div class='ocr_carea' id='block_1_13' title="bbox 102 4826 907 4910">
    <p class='ocr_par' dir='ltr' id='par_1_14' title="bbox 102 4826 907 4910">
     <span class='ocr_line' id='line_1_89' title="bbox 102 4826 907 4910; baseline 0.007 -25"><span class='ocrx_word' id='word_1_540' title='bbox 102 4829 273 4908; x_wconf 84' lang='grc' dir='ltr'>αγιλαστικό,</span> <span class='ocrx_word' id='word_1_541' title='bbox 284 4828 397 4910; x_wconf 73' lang='grc' dir='ltr'>μονήρη,</span> <span class='ocrx_word' id='word_1_542' title='bbox 411 4826 536 4908; x_wconf 72' lang='lat' dir='ltr'>stuppeis,</span> <span class='ocrx_word' id='word_1_543' title='bbox 551 4829 686 4910; x_wconf 78' lang='grc' dir='ltr'>μονοραός,</span> <span class='ocrx_word' id='word_1_544' title='bbox 703 4833 865 4904; x_wconf 83' lang='grc' dir='ltr'>όλληλοκτο-</span> <span class='ocrx_word' id='word_1_545' title='bbox 899 4856 907 4880; x_wconf 68' lang='grc' dir='ltr'>ν</span> 
     </span>
    </p>
   </div>
   <div class='ocr_carea' id='block_1_14' title="bbox 103 5024 867 5334">
    <p class='ocr_par' dir='ltr' id='par_1_15' title="bbox 103 5024 867 5334">
     <span class='ocr_line' id='line_1_90' title="bbox 128 5024 866 5086; baseline -0.004 -8"><span class='ocrx_word' id='word_1_546' title='bbox 128 5030 157 5080; x_wconf 83' lang='lat' dir='ltr'>ltl</span> <span class='ocrx_word' id='word_1_547' title='bbox 167 5030 216 5076; x_wconf 78' lang='lat' dir='ltr'>Boc</span> <span class='ocrx_word' id='word_1_548' title='bbox 226 5029 287 5076; x_wconf 86' lang='lat' dir='ltr'>etde</span> <span class='ocrx_word' id='word_1_549' title='bbox 296 5024 457 5086; x_wconf 65' lang='lat' dir='ltr'>tuncorsos</span> <span class='ocrx_word' id='word_1_550' title='bbox 465 5025 531 5073; x_wconf 87' lang='lat' dir='ltr'>llbrls</span> <span class='ocrx_word' id='word_1_551' title='bbox 540 5039 677 5075; x_wconf 78' lang='lat' dir='ltr'>reromesse</span> <span class='ocrx_word' id='word_1_552' title='bbox 687 5028 754 5076; x_wconf 82' lang='lat' dir='ltr'>luctis</span> <span class='ocrx_word' id='word_1_553' title='bbox 761 5030 866 5075; x_wconf 84' lang='lat' dir='ltr'>demons-</span> 
     </span>
     <span class='ocr_line' id='line_1_91' title="bbox 103 5088 867 5148; baseline 0.009 -18"><span class='ocrx_word' id='word_1_554' title='bbox 103 5088 156 5133; x_wconf 86' lang='lat' dir='ltr'>trsrt</span> <span class='ocrx_word' id='word_1_555' title='bbox 170 5094 252 5147; x_wconf 85' lang='lat' dir='ltr'>potest.</span> <span class='ocrx_word' id='word_1_556' title='bbox 260 5092 411 5148; x_wconf 78' lang='lat' dir='ltr'>Quaecunque</span> <span class='ocrx_word' id='word_1_557' title='bbox 419 5093 480 5138; x_wconf 82' lang='lat' dir='ltr'>enlm</span> <span class='ocrx_word' id='word_1_558' title='bbox 490 5090 520 5137; x_wconf 91' lang='lat' dir='ltr'>de</span> <span class='ocrx_word' id='word_1_559' title='bbox 528 5091 610 5137; x_wconf 81' lang='lat' dir='ltr'>aribus</span> <span class='ocrx_word' id='word_1_560' title='bbox 619 5092 697 5137; x_wconf 79' lang='lat' dir='ltr'>attulit</span> <span class='ocrx_word' id='word_1_561' title='bbox 709 5103 737 5136; x_wconf 85' lang='lat' dir='ltr'>es</span> <span class='ocrx_word' id='word_1_562' title='bbox 745 5092 796 5138; x_wconf 91' lang='lat' dir='ltr'>solo</span> <span class='ocrx_word' id='word_1_563' title='bbox 806 5092 867 5137; x_wconf 82' lang='lat' dir='ltr'>Arls·</span> 
     </span>
     <span class='ocr_line' id='line_1_92' title="bbox 103 5150 866 5210; baseline 0.009 -17"><span class='ocrx_word' id='word_1_564' title='bbox 103 5150 176 5197; x_wconf 76' lang='lat' dir='ltr'>totalis</span> <span class='ocrx_word' id='word_1_565' title='bbox 198 5153 302 5207; x_wconf 81' lang='lat' dir='ltr'>nomine,</span> <span class='ocrx_word' id='word_1_566' title='bbox 322 5153 386 5199; x_wconf 85' lang='lat' dir='ltr'>nullu</span> <span class='ocrx_word' id='word_1_567' title='bbox 403 5153 457 5200; x_wconf 85' lang='lat' dir='ltr'>ttbrt</span> <span class='ocrx_word' id='word_1_568' title='bbox 475 5152 616 5199; x_wconf 86' lang='lat' dir='ltr'>lndlcstlone</span> <span class='ocrx_word' id='word_1_569' title='bbox 636 5154 724 5210; x_wconf 78' lang='lat' dir='ltr'>adlecta</span> <span class='ocrx_word' id='word_1_570' title='bbox 745 5154 866 5210; x_wconf 79' lang='lat' dir='ltr'>apposuit,</span> 
     </span>
     <span class='ocr_line' id='line_1_93' title="bbox 104 5215 866 5273; baseline 0.009 -18"><span class='ocrx_word' id='word_1_571' title='bbox 104 5220 174 5264; x_wconf 82' lang='lat' dir='ltr'>auum</span> <span class='ocrx_word' id='word_1_572' title='bbox 181 5218 262 5262; x_wconf 83' lang='lat' dir='ltr'>contn</span> <span class='ocrx_word' id='word_1_573' title='bbox 270 5215 295 5260; x_wconf 89' lang='lat' dir='ltr'>tn</span> <span class='ocrx_word' id='word_1_574' title='bbox 304 5215 334 5261; x_wconf 82' lang='lat' dir='ltr'>tu</span> <span class='ocrx_word' id='word_1_575' title='bbox 342 5226 394 5272; x_wconf 75' lang='lat' dir='ltr'>aue</span> <span class='ocrx_word' id='word_1_576' title='bbox 403 5216 492 5263; x_wconf 82' lang='lat' dir='ltr'>murina</span> <span class='ocrx_word' id='word_1_577' title='bbox 501 5216 608 5262; x_wconf 80' lang='lat' dir='ltr'>animalis</span> <span class='ocrx_word' id='word_1_578' title='bbox 617 5217 721 5272; x_wconf 79' lang='grc' dir='ltr'>ιοιοιιιιι</span> <span class='ocrx_word' id='word_1_579' title='bbox 733 5215 866 5273; x_wconf 75' lang='lat' dir='ltr'>ubicunque</span> 
     </span>
     <span class='ocr_line' id='line_1_94' title="bbox 105 5268 363 5334; baseline 0.031 -19"><span class='ocrx_word' id='word_1_580' title='bbox 105 5268 150 5318; x_wconf 79' lang='lat' dir='ltr'>lere</span> <span class='ocrx_word' id='word_1_581' title='bbox 160 5275 242 5322; x_wconf 84' lang='lat' dir='ltr'>llbrum</span> <span class='ocrx_word' id='word_1_582' title='bbox 254 5277 363 5334; x_wconf 72' lang='lat' dir='ltr'>designet</span> 
     </span>
    </p>
   </div>
   <div class='ocr_carea' id='block_1_15' title="bbox 919 4199 1692 4536">
    <p class='ocr_par' dir='ltr' id='par_1_16' title="bbox 919 4199 1692 4536">
     <span class='ocr_line' id='line_1_95' title="bbox 924 4199 1692 4277; baseline 0 -22"><span class='ocrx_word' id='word_1_583' title='bbox 924 4204 990 4277; x_wconf 81' lang='lat' dir='ltr'>quia</span> <span class='ocrx_word' id='word_1_584' title='bbox 1002 4219 1057 4255; x_wconf 93' lang='lat' dir='ltr'>non</span> <span class='ocrx_word' id='word_1_585' title='bbox 1071 4199 1156 4254; x_wconf 77' lang='lat' dir='ltr'>habet</span> <span class='ocrx_word' id='word_1_586' title='bbox 1166 4203 1212 4253; x_wconf 87' lang='lat' dir='ltr'>cui</span> <span class='ocrx_word' id='word_1_587' title='bbox 1222 4202 1366 4266; x_wconf 88' lang='lat' dir='ltr'>innitatur,</span> <span class='ocrx_word' id='word_1_588' title='bbox 1383 4199 1490 4270; x_wconf 79' lang='lat' dir='ltr'>revolat</span> <span class='ocrx_word' id='word_1_589' title='bbox 1505 4209 1537 4253; x_wconf 89' lang='grc' dir='ltr'>αι</span> <span class='ocrx_word' id='word_1_590' title='bbox 1548 4202 1607 4271; x_wconf 84' lang='lat' dir='ltr'>ipse</span> <span class='ocrx_word' id='word_1_591' title='bbox 1623 4217 1692 4274; x_wconf 82' lang='lat' dir='ltr'>quo·</span> 
     </span>
     <span class='ocr_line' id='line_1_96' title="bbox 921 4286 1692 4364; baseline -0.004 -20"><span class='ocrx_word' id='word_1_592' title='bbox 921 4307 974 4363; x_wconf 82' lang='lat' dir='ltr'>que</span> <span class='ocrx_word' id='word_1_593' title='bbox 988 4292 1122 4364; x_wconf 83' lang='lat' dir='ltr'>quiescat.</span> <span class='ocrx_word' id='word_1_594' title='bbox 1144 4289 1180 4341; x_wconf 90' lang='lat' dir='ltr'>In</span> <span class='ocrx_word' id='word_1_595' title='bbox 1198 4291 1258 4357; x_wconf 82' lang='lat' dir='ltr'>ejus</span> <span class='ocrx_word' id='word_1_596' title='bbox 1272 4287 1361 4342; x_wconf 71' lang='lat' dir='ltr'>heum</span> <span class='ocrx_word' id='word_1_597' title='bbox 1382 4305 1439 4341; x_wconf 88' lang='lat' dir='ltr'>una</span> <span class='ocrx_word' id='word_1_598' title='bbox 1459 4286 1583 4341; x_wconf 82' lang='lat' dir='ltr'>succedit</span> <span class='ocrx_word' id='word_1_599' title='bbox 1601 4305 1640 4342; x_wconf 77' lang='lat' dir='ltr'>ee</span> <span class='ocrx_word' id='word_1_600' title='bbox 1659 4292 1692 4341; x_wconf 91' lang='lat' dir='ltr'>iis</span> 
     </span>
     <span class='ocr_line' id='line_1_97' title="bbox 919 4375 1691 4451; baseline -0.003 -20"><span class='ocrx_word' id='word_1_601' title='bbox 919 4395 983 4451; x_wconf 75' lang='lat' dir='ltr'>quie</span> <span class='ocrx_word' id='word_1_602' title='bbox 1002 4379 1164 4449; x_wconf 80' lang='lat' dir='ltr'>acquierunt</span> <span class='ocrx_word' id='word_1_603' title='bbox 1183 4392 1271 4448; x_wconf 88' lang='lat' dir='ltr'>eaque</span> <span class='ocrx_word' id='word_1_604' title='bbox 1290 4375 1449 4429; x_wconf 83' lang='lat' dir='ltr'>vicissitudo</span> <span class='ocrx_word' id='word_1_605' title='bbox 1468 4379 1497 4429; x_wconf 91' lang='lat' dir='ltr'>in</span> <span class='ocrx_word' id='word_1_606' title='bbox 1521 4379 1599 4429; x_wconf 85' lang='lat' dir='ltr'>omni</span> <span class='ocrx_word' id='word_1_607' title='bbox 1610 4393 1691 4429; x_wconf 85' lang='lat' dir='ltr'>cursu</span> 
     </span>
     <span class='ocr_line' id='line_1_98' title="bbox 919 4458 1688 4536; baseline -0.003 -16"><span class='ocrx_word' id='word_1_608' title='bbox 919 4474 1105 4521; x_wconf 84' lang='lat' dir='ltr'>conservatur.</span> <span class='ocrx_word' id='word_1_609' title='bbox 1125 4463 1219 4518; x_wconf 86' lang='lat' dir='ltr'>Multa</span> <span class='ocrx_word' id='word_1_610' title='bbox 1248 4468 1309 4532; x_wconf 81' lang='lat' dir='ltr'>ejus</span> <span class='ocrx_word' id='word_1_611' title='bbox 1332 4464 1408 4518; x_wconf 82' lang='lat' dir='ltr'>madi</span> <span class='ocrx_word' id='word_1_612' title='bbox 1421 4458 1549 4535; x_wconf 78' lang='lat' dir='ltr'>pruscrre</span> <span class='ocrx_word' id='word_1_613' title='bbox 1565 4481 1688 4536; x_wconf 85' lang='lat' dir='ltr'>possem,</span> 
     </span>
    </p>
   </div>
   <div class='ocr_carea' id='block_1_16' title="bbox 919 4552 1686 4699">
    <p class='ocr_par' dir='ltr' id='par_1_17' title="bbox 919 4552 1686 4699">
     <span class='ocr_line' id='line_1_99' title="bbox 919 4552 1294 4628; baseline -0.008 -19"><span class='ocrx_word' id='word_1_614' title='bbox 919 4554 1066 4628; x_wconf 80' lang='lat' dir='ltr'>redgerus</span> <span class='ocrx_word' id='word_1_615' title='bbox 1083 4556 1172 4626; x_wconf 82' lang='lat' dir='ltr'>ipsmn</span> <span class='ocrx_word' id='word_1_616' title='bbox 1185 4552 1294 4607; x_wconf 80' lang='lat' dir='ltr'>videtis.</span> 
     </span>
     <span class='ocr_line' id='line_1_100' title="bbox 958 4634 1686 4699; baseline 0.003 -3"><span class='ocrx_word' id='word_1_617' title='bbox 958 4637 1004 4699; x_wconf 81' lang='lat' dir='ltr'>et.</span> <span class='ocrx_word' id='word_1_618' title='bbox 1018 4635 1165 4697; x_wconf 85' lang='lat' dir='ltr'>Plutarch.</span> <span class='ocrx_word' id='word_1_619' title='bbox 1186 4634 1224 4694; x_wconf 91' lang='lat' dir='ltr'>de</span> <span class='ocrx_word' id='word_1_620' title='bbox 1244 4634 1305 4697; x_wconf 86' lang='lat' dir='ltr'>Sol.</span> <span class='ocrx_word' id='word_1_621' title='bbox 1325 4637 1415 4695; x_wconf 88' lang='lat' dir='ltr'>anim.</span> <span class='ocrx_word' id='word_1_622' title='bbox 1440 4657 1465 4696; x_wconf 90' lang='lat' dir='ltr'>c.</span> <span class='ocrx_word' id='word_1_623' title='bbox 1490 4655 1524 4693; x_wconf 91' lang='grc' dir='ltr'>ιο</span> <span class='ocrx_word' id='word_1_624' title='bbox 1538 4649 1567 4695; x_wconf 90' lang='lat' dir='ltr'>et</span> <span class='ocrx_word' id='word_1_625' title='bbox 1583 4635 1686 4698; x_wconf 81' lang='lat' dir='ltr'>AElian.</span> 
     </span>
    </p>
   </div>
   <div class='ocr_carea' id='block_1_17' title="bbox 919 4722 1689 5332">
    <p class='ocr_par' dir='ltr' id='par_1_18' title="bbox 919 4722 1689 5332">
     <span class='ocr_line' id='line_1_101' title="bbox 920 4722 1689 4795; baseline -0.003 -9"><span class='ocrx_word' id='word_1_626' title='bbox 920 4727 956 4786; x_wconf 91' lang='lat' dir='ltr'>de</span> <span class='ocrx_word' id='word_1_627' title='bbox 976 4724 1042 4785; x_wconf 88' lang='lat' dir='ltr'>Nat.</span> <span class='ocrx_word' id='word_1_628' title='bbox 1072 4727 1168 4784; x_wconf 84' lang='lat' dir='ltr'>Anim.</span> <span class='ocrx_word' id='word_1_629' title='bbox 1187 4722 1243 4795; x_wconf 83' lang='lat' dir='ltr'>tlt,</span> <span class='ocrx_word' id='word_1_630' title='bbox 1263 4725 1309 4795; x_wconf 72' lang='grc' dir='ltr'>ιδ,</span> <span class='ocrx_word' id='word_1_631' title='bbox 1327 4722 1362 4795; x_wconf 83' lang='lat' dir='ltr'>V,</span> <span class='ocrx_word' id='word_1_632' title='bbox 1380 4724 1429 4784; x_wconf 81' lang='lat'>35.</span> <span class='ocrx_word' id='word_1_633' title='bbox 1453 4722 1548 4783; x_wconf 89' lang='lat' dir='ltr'>Locus</span> <span class='ocrx_word' id='word_1_634' title='bbox 1570 4723 1689 4785; x_wconf 77' lang='lat' dir='ltr'>sortasse</span> 
     </span>
     <span class='ocr_line' id='line_1_102' title="bbox 919 4810 1688 4889; baseline -0.004 -15"><span class='ocrx_word' id='word_1_635' title='bbox 919 4834 956 4874; x_wconf 86' lang='lat' dir='ltr'>cx</span> <span class='ocrx_word' id='word_1_636' title='bbox 969 4814 1069 4873; x_wconf 90' lang='lat' dir='ltr'>eodem</span> <span class='ocrx_word' id='word_1_637' title='bbox 1094 4813 1174 4872; x_wconf 83' lang='lat' dir='ltr'>sonte</span> <span class='ocrx_word' id='word_1_638' title='bbox 1194 4811 1288 4881; x_wconf 83' lang='lat' dir='ltr'>fluxit,</span> <span class='ocrx_word' id='word_1_639' title='bbox 1302 4830 1319 4869; x_wconf 90' lang='lat' dir='ltr'>e</span> <span class='ocrx_word' id='word_1_640' title='bbox 1335 4831 1394 4888; x_wconf 90' lang='lat' dir='ltr'>quo</span> <span class='ocrx_word' id='word_1_641' title='bbox 1417 4810 1468 4869; x_wconf 90' lang='lat' dir='ltr'>alii</span> <span class='ocrx_word' id='word_1_642' title='bbox 1483 4812 1593 4889; x_wconf 89' lang='lat' dir='ltr'>plures,</span> <span class='ocrx_word' id='word_1_643' title='bbox 1615 4833 1688 4889; x_wconf 88' lang='lat' dir='ltr'>quos</span> 
     </span>
     <span class='ocr_line' id='line_1_103' title="bbox 920 4898 1689 4962; baseline -0.005 0"><span class='ocrx_word' id='word_1_644' title='bbox 920 4922 956 4962; x_wconf 87' lang='lat' dir='ltr'>ex</span> <span class='ocrx_word' id='word_1_645' title='bbox 971 4901 1126 4961; x_wconf 88' lang='lat' dir='ltr'>Aristotele</span> <span class='ocrx_word' id='word_1_646' title='bbox 1137 4900 1167 4958; x_wconf 92' lang='lat' dir='ltr'>in</span> <span class='ocrx_word' id='word_1_647' title='bbox 1183 4899 1268 4958; x_wconf 90' lang='lat' dir='ltr'>libris</span> <span class='ocrx_word' id='word_1_648' title='bbox 1280 4898 1317 4957; x_wconf 91' lang='lat' dir='ltr'>de</span> <span class='ocrx_word' id='word_1_649' title='bbox 1328 4898 1436 4957; x_wconf 87' lang='lat' dir='ltr'>Natura</span> <span class='ocrx_word' id='word_1_650' title='bbox 1452 4899 1576 4958; x_wconf 87' lang='lat' dir='ltr'>Deorum</span> <span class='ocrx_word' id='word_1_651' title='bbox 1593 4900 1689 4958; x_wconf 86' lang='lat' dir='ltr'>attulit</span> 
     </span>
     <span class='ocr_line' id='line_1_104' title="bbox 919 4985 1686 5065; baseline -0.008 -16"><span class='ocrx_word' id='word_1_652' title='bbox 919 4990 1039 5060; x_wconf 86' lang='lat' dir='ltr'>Cicero,</span> <span class='ocrx_word' id='word_1_653' title='bbox 1065 4988 1176 5047; x_wconf 89' lang='lat' dir='ltr'>scilicet</span> <span class='ocrx_word' id='word_1_654' title='bbox 1194 5006 1211 5045; x_wconf 89' lang='lat' dir='ltr'>e</span> <span class='ocrx_word' id='word_1_655' title='bbox 1232 4985 1350 5062; x_wconf 84' lang='lat' dir='ltr'>dialogo</span> <span class='ocrx_word' id='word_1_656' title='bbox 1363 4987 1401 5046; x_wconf 74' lang='lat' dir='ltr'>s&#39;e</span> <span class='ocrx_word' id='word_1_657' title='bbox 1421 4985 1686 5065; x_wconf 74' lang='lat' dir='ltr'>philosophialis</span> 
     </span>
     <span class='ocr_line' id='line_1_105' title="bbox 921 5073 1686 5155; baseline -0.005 -20"><span class='ocrx_word' id='word_1_658' title='bbox 921 5090 1014 5136; x_wconf 86' lang='lat' dir='ltr'>tamen</span> <span class='ocrx_word' id='word_1_659' title='bbox 1028 5077 1091 5155; x_wconf 89' lang='lat' dir='ltr'>ipse</span> <span class='ocrx_word' id='word_1_660' title='bbox 1108 5074 1184 5153; x_wconf 71' lang='lat' dir='ltr'>aprus!</span> <span class='ocrx_word' id='word_1_661' title='bbox 1199 5073 1405 5153; x_wconf 90' lang='lat' dir='ltr'>philosophum</span> <span class='ocrx_word' id='word_1_662' title='bbox 1418 5074 1479 5134; x_wconf 86' lang='lat' dir='ltr'>haec</span> <span class='ocrx_word' id='word_1_663' title='bbox 1497 5075 1615 5151; x_wconf 87' lang='lat' dir='ltr'>legerat,</span> <span class='ocrx_word' id='word_1_664' title='bbox 1636 5073 1686 5132; x_wconf 90' lang='lat' dir='ltr'>sed</span> 
     </span>
     <span class='ocr_line' id='line_1_106' title="bbox 919 5160 1684 5243; baseline -0.01 -18"><span class='ocrx_word' id='word_1_665' title='bbox 919 5166 1037 5225; x_wconf 85' lang='lat' dir='ltr'>aliunde</span> <span class='ocrx_word' id='word_1_666' title='bbox 1059 5165 1166 5243; x_wconf 89' lang='lat' dir='ltr'>potius,</span> <span class='ocrx_word' id='word_1_667' title='bbox 1185 5181 1201 5221; x_wconf 92' lang='lat' dir='ltr'>e</span> <span class='ocrx_word' id='word_1_668' title='bbox 1223 5161 1355 5234; x_wconf 77' lang='lat' dir='ltr'>Panaetii,</span> <span class='ocrx_word' id='word_1_669' title='bbox 1380 5176 1411 5220; x_wconf 90' lang='grc' dir='ltr'>ιιι</span> <span class='ocrx_word' id='word_1_670' title='bbox 1425 5161 1528 5222; x_wconf 85' lang='lat' dir='ltr'>llosius</span> <span class='ocrx_word' id='word_1_671' title='bbox 1543 5160 1684 5237; x_wconf 88' lang='lat' dir='ltr'>conjecit,</span> 
     </span>
     <span class='ocr_line' id='line_1_107' title="bbox 919 5250 1348 5332; baseline -0.007 -21"><span class='ocrx_word' id='word_1_672' title='bbox 919 5252 978 5332; x_wconf 76' lang='grc' dir='ltr'>περὶ</span> <span class='ocrx_word' id='word_1_673' title='bbox 993 5251 1121 5331; x_wconf 78' lang='grc' dir='ltr'>Προνοίας</span> <span class='ocrx_word' id='word_1_674' title='bbox 1135 5250 1214 5310; x_wconf 91' lang='lat' dir='ltr'>libro</span> <span class='ocrx_word' id='word_1_675' title='bbox 1229 5250 1348 5329; x_wconf 81' lang='lat' dir='ltr'>accepit.</span> 
     </span>
    </p>
   </div>
   <div class='ocr_carea' id='block_1_18' title="bbox 0 0 1984 5900">
    <p class='ocr_par' dir='ltr' id='par_1_19' title="bbox 0 0 1984 5900">
     <span class='ocr_line' id='line_1_108' title="bbox 0 0 1984 5900; baseline 0 0"><span class='ocrx_word' id='word_1_676' title='bbox 0 0 1984 5900; x_wconf 95' lang='lat' dir='ltr'> </span> 
     </span>
    </p>
   </div>
  </div>
 </body>
</html>
