3959 5900
291 469 331 528 το
829 458 1072 523 tnrsrorusrs
1093 441 1342 539 rainarius.

289 612 383 657 autem
393 597 498 675 άγραφα
510 594 628 671 δόγματα
643 593 839 662 nominantur,
854 592 964 669 optime
975 590 1062 649 intel·
1077 636 1080 643 ,
1115 589 1162 649 καί
1173 589 1249 649 άλλοι
1267 596 1313 649 τοῦ
1330 589 1471 658 Πλάτωνος
1484 593 1582 672 ἑταῖροι
1595 591 1808 671 παραγινόμενοι
1827 595 1888 651 dss-

290 677 1062 763 ligeturipsiusAristotelistestiuronio,quodexejus
1115 676 1251 759 γράψοντα
1273 676 1308 737 τά
1339 677 1450 758 ρηθίντα
1474 680 1690 758 αἰνιγματωδῶς,
1712 684 1748 747 ῦς
1772 679 1888 762 ἐρρήθη,

291 791 385 833 orese
395 772 544 849 excepisse
558 769 646 829 tradit
654 765 954 842 Aristoxenuscujus
961 765 998 822 dc
1009 784 1062 823 au·
1117 766 1264 847 ΙΙορφόριος
1281 764 1309 824 ἀί
1333 766 1469 845 διαρθροῦν
1489 765 1556 827 αὐτὰ
1580 766 1808 845 ἀπαγγελλόμινος
1829 768 1888 827 τάδε

291 860 423 919 ctoritate
432 861 462 917 in
472 858 526 917 hac
536 877 579 929 re,
591 877 653 929 our,
664 853 882 914 utauonuullis
892 853 997 911 lactum
1006 864 1061 925 est,
1116 854 1179 934 περὶ
1198 855 1283 912 αθτῦν
1305 852 1435 935 γίγραφειι
1456 857 1483 914 is
1504 855 1543 935 τῷ
1567 854 1691 935 ψιλήθιμ.
1713 855 1888 934 Interposita

291 946 450 1019 dubitetur,
472 946 684 1025 equidem‘ego
703 942 811 1001 nullam
835 940 924 998 video
938 958 1061 999 sarisam.
1116 942 1223 1002 deinde
1236 942 1395 1021 Porphyrii
1413 941 1610 1021 explicatione
1626 943 1667 1001 ita
1690 944 1788 1021 pergit
1809 943 1884 1002 Sim·

291 1036 358 1094 lloso
375 1035 454 1093 eninr
474 1035 526 1092 ille
545 1032 637 1093 Elem.
654 1028 791 1107 llbytbru.
813 1027 857 1098 ll,
879 1047 910 1105 p.
932 1028 969 1085 3o
991 1026 1063 1084 llei-
1112 1029 1245 1116 plicius:
1264 1027 1525 1108 ΙίαΙθἈλίξανθρος
1536 1029 1564 1089 dl
1575 1029 1622 1089 καί
1635 1029 1752 1099 atho
1763 1032 1818 1089 τῶν
1830 1032 1886 1110 περὶ

289 1124 369 1184 bom.
383 1144 390 1180 :
404 1115 976 1200 ΚαθάπερἎριστοείληεἄελδιηγεὶτοτοῦτο
986 1111 1062 1172 πλεί·
1115 1118 1231 1193 τάγαθοῦ
1254 1113 1339 1192 λόγων
1359 1120 1406 1175 τοῦ
1427 1116 1570 1184 Πλάτωνος
1590 1118 1726 1197 θμολογίθν
1748 1115 1837 1193 λίγειν
1854 1119 1886 1184 ὥς

290 1212 415 1276 στοιςτιῦν
422 1208 588 1269 ἀκουσάντων
595 1204 669 1284 παρά
677 1200 871 1273 illiteratis
881 1200 1062 1279 περὶτάγαθοῦ
1116 1203 1258 1280 ἱστόρησαν
1275 1201 1463 1283 Ἀριστοτίλης
1483 1227 1513 1264 τε
1526 1204 1572 1264 καλ
1589 1205 1665 1264 ἀλλοι
1686 1209 1734 1263 τοῦ
1750 1205 1888 1271 Πλάτωνος

290 1296 416 1373 ἀκρόασιν
430 1298 537 1356 παθεῖν·
551 1292 689 1375 προοιίναι
702 1289 753 1371 γάρ
773 1288 883 1350 ἕκαστον
897 1287 1059 1367 θπολοιμόά·
1116 1292 1226 1371 ίταῖροι.
1242 1291 1377 1351 cumbis
1394 1293 1543 1372 conspirat
1556 1291 1772 1372 quodammodo
1792 1292 1887 1352 Theo·

289 1405 366 1443 νοντα
379 1381 511 1465 λήρεσθαί
523 1406 549 1441 τι
563 1384 615 1441 τῶν
630 1378 807 1456 νομιζομένων
821 1375 921 1437 τοότονν
933 1375 1063 1456 ιἰνθροιπί·
1118 1376 1207 1438 dorus
1219 1379 1376 1438 hietochita
1392 1381 1422 1438 in
1443 1380 1481 1439 iis
1500 1401 1565 1459 quae
1580 1380 1731 1440 annotavit
1743 1380 1779 1438 sd
1794 1380 1886 1439 locuni

291 1496 343 1531 νων
358 1473 477 1549 ἀγαθῶν·
495 1462 548 1531 οἷον
568 1471 694 1542 πλοῦτον,
707 1468 826 1543 ίγίειαν,
842 1463 938 1545 θορόν,
953 1463 985 1523 τό
1000 1465 1061 1523 etos
1116 1486 1206 1543 supra
1225 1467 1373 1526 laudatum
1395 1468 1561 1528 Aristotelis
1584 1469 1621 1527 de
1644 1467 1763 1539 Anima,
1778 1488 1810 1546 p.
1836 1490 1886 1544 ιφο

290 1559 455 1638 εὐδαιμονίαν
476 1558 536 1619 τινὰ
554 1554 721 1637 θαυμαστήν.
741 1554 810 1616 Ὀτι
825 1552 853 1612 ἀλ
876 1551 1022 1634 φανείησαν
1037 1552 1062 1610 οί
1116 1557 1214 1615 latinae
1221 1556 1368 1615 versionis
1381 1575 1389 1616 t
1401 1562 1438 1614 Ῑιι
1452 1578 1535 1633 opere
1545 1570 1655 1628 autem,
1669 1561 1773 1631 iuquit,
1783 1557 1888 1632 depti-

287 1647 361 1724 λόγοι
380 1646 441 1729 περὶ
455 1643 621 1724 μαθημάτων
641 1642 688 1703 καί
701 1644 819 1726 ἀριθμῶν
833 1640 880 1701 καλ
900 1639 1063 1719 γειομεερίεε
1117 1647 1258 1722 ΙοσορΙνία,
1282 1647 1319 1701 de
1346 1651 1380 1700 ιἰἐ
1409 1664 1475 1720 qtae
1501 1648 1614 1704 Plutoni
1637 1651 1666 1700 in
1688 1663 1800 1700 summa
1828 1650 1887 1700 ιιίεα

288 1736 379 1796 καὶτὸ
398 1735 481 1816 πόρος
503 1733 544 1793 ότι
565 1732 662 1811 άγοιθόν
678 1735 747 1792 ἐστιν
764 1729 792 1789 ts
814 1730 959 1801 παντελῶς,
977 1717 1062 1802 σ’ίμτε,
1114 1745 1178 1789 sunt
1198 1735 1236 1789 de
1255 1737 1292 1788 ιἰὀ
1313 1752 1378 1807 quar
1393 1746 1481 1789 sunt:
1503 1735 1579 1809 quod
1593 1735 1706 1809 quidem
1730 1752 1801 1808 opta
1820 1752 1888 1789 nunc

287 1821 434 1905 παράδοξόν
448 1847 475 1882 τι
495 1820 617 1902 ίφαίνετο
631 1821 727 1885 αὐτοῖς.
747 1816 876 1877 Eandem
890 1835 951 1874 rem
972 1834 1061 1893 quatu
1115 1840 1170 1878 non
1181 1833 1291 1896 exstat,
1298 1818 1397 1891 serem
1409 1833 1502 1877 autem
1508 1822 1601 1894 fuisse
1614 1827 1746 1897 scriptum
1759 1840 1780 1876 a
1795 1823 1888 1877 Χσειο-

287 1913 350 1972 sire
360 1931 397 1971 ex
407 1912 598 1977 Aristoxeno,
609 1908 674 1968 sive
687 1907 805 1967 aliunde
817 1916 983 1983 acceperat,
996 1922 1062 1961 nar·
1115 1922 1192 1965 crate
1206 1911 1334 1964 Platonis
1345 1927 1507 1977 successore,
1525 1907 1583 1966 nisi
1596 1906 1693 1984 quod,
1704 1920 1765 1965 uta
1778 1906 1888 1965 losnne

288 2013 333 2060 rat
348 2018 465 2078 quoque
491 1997 673 2056 Themistius
689 1995 772 2054 Orat.
795 1990 880 2063 xxi,
898 2013 930 2071 p.
948 1996 1019 2063 τοῦ,
1039 1991 1062 2050 C
1115 1994 1282 2073 Philopono
1297 2013 1414 2072 quoque
1428 1995 1534 2053 lactum
1547 2008 1608 2067 est,
1630 1995 1663 2053 in
1679 1995 1799 2054 Aristot.
1814 1995 1886 2071 Phy-

161 2092 164 2099 ’
287 2087 389 2158 ΙΙειιΙ.,
419 2105 514 2164 aquo
543 2085 613 2143 licet
642 2082 784 2161 pleraque
806 2079 955 2139 rhetorico
980 2098 1062 2138 ruore
1115 2081 1776 2161 οἱο.1.1.ρ.37ι,θ,ο3ιΤὰςοεεγράρουε
1796 2104 1887 2142 auam·

286 2188 424 2234 exornata
437 2175 512 2243 sint,
522 2185 617 2229 εανιιειι
633 2169 708 2228 illud
719 2169 869 2242 docemur,
879 2169 911 2227 in
923 2181 1062 2227 consueto
1114 2170 1172 2236 σίας
1181 2174 1228 2230 τοῦ
1246 2169 1387 2236 Πλάτωνος
1396 2169 1472 2237 αῦτθς
1484 2167 1693 2251 θ’θριστοτίλης
1703 2170 1886 2251 ἀπεγράψατο,

286 2262 498 2340 discipulorum
513 2277 650 2318 consessu
665 2256 829 2335 disputasse
839 2255 1059 2334 philosophum,
1115 2276 1204 2316 unum
1227 2269 1337 2316 tanturn
1354 2258 1442 2316 niodo
1461 2276 1498 2316 ex
1522 2258 1585 2317 illis
1604 2259 1736 2317 nominat
1749 2259 1803 2335 qui
1819 2259 1888 2317 hanc

269 2363 440 2427 ⁴postquami
453 2347 505 2405 illa
519 2343 605 2404 turba
618 2364 684 2421 quse
697 2344 826 2423 primurn
841 2341 972 2419 undique
987 2361 1062 2400 oon·
1115 2346 1251 2405 debono
1273 2344 1501 2423 disputationem
1523 2346 1643 2425 scriptis
1665 2346 1883 2408 mandaverant.

288 2434 426 2504 duxerat,
439 2446 472 2492 ut
497 2432 648 2490 Platonem
670 2430 797 2502 audiret,
821 2428 961 2506 dissipata
975 2442 1060 2489 esset
1115 2433 1159 2492 lix
1172 2433 1220 2493 bis
1231 2451 1303 2490 vero
1314 2452 1379 2510 quae
1395 2453 1432 2491 ex
1445 2432 1613 2495 Alexandro
1626 2432 1734 2491 tradita
1745 2445 1816 2491 sunt
1830 2453 1887 2490 ms·

287 2521 379 2599 Cujus
399 2522 460 2579 haec
475 2533 542 2579 suut
561 2517 651 2578 verba
672 2541 679 2577 ι
697 2517 775 2578 Ἐπεὶ
797 2515 842 2575 καὶ
859 2515 994 2577 ΙΙλάτυνο
1015 2519 1060 2575 τὀν
1115 2521 1252 2580 nisenam
1276 2521 1309 2578 fit
1331 2519 1423 2580 libros
1443 2519 1504 2600 περὶ
1523 2523 1639 2597 stipasse
1661 2539 1736 2597 quoa
1760 2534 1885 2579 manser

286 2609 365 2688 σοφόν
379 2606 451 2668 οὐδὲν
472 2605 585 2667 ἐκώλυεν
600 2595 667 2664 είναι
680 2606 758 2687 σοφόν
769 2649 778 2679 ,
789 2603 829 2665 ότι
846 2606 925 2663 αὐτοῦ
940 2602 1060 2682 λέγοντος
1115 2610 1261 2687 Diogenes
1275 2608 1409 2667 Laertius
1430 2609 1462 2667 in
1487 2609 1616 2684 atalogo
1639 2607 1817 2685 scriptorum
1831 2607 1887 2666 Xe-

286 2699 313 2756 b
327 2697 367 2777 τῷ
383 2697 516 2775 Πειραιεῖ,
530 2692 663 2773 ἱννίρρεόν
676 2716 705 2752 τε
720 2692 767 2753 κοιλ
788 2692 915 2773 ξυνίεσαν
928 2693 959 2753 οὗ
980 2693 1059 2768 μόνον
1113 2697 1241 2757 nocrsris
1259 2695 1327 2777 (lv,
1345 2696 1394 2773 13)
1416 2709 1445 2754 οι
1461 2695 1623 2755 Heraclidis
1638 2694 1685 2771 tv,
1705 2696 1778 2773 87),
1793 2696 1886 2755 nultos

287 2785 317 2842 la
327 2787 374 2842 τοῦ
388 2781 479 2848 ἄστεος
488 2780 613 2843 mlle-⁶
625 2783 716 2858 δῆμου
727 2779 796 2841 illd
810 2779 857 2839 καὶ
869 2782 899 2839 lx
908 2781 961 2837 τῶν
971 2782 1059 2859 ἀγρῶν
1112 2784 1186 2843 alios
1208 2784 1313 2856 luisse,
1327 2801 1414 2860 quarn
1431 2784 1482 2860 qui
1498 2782 1630 2842 Platonis
1653 2782 1879 2862 disputationem

285 2870 332 2931 καί
344 2874 373 2931 lx
381 2872 433 2928 τῶν
446 2869 572 2947 άμπίλαιν
585 2867 632 2928 καλ
645 2871 676 2928 la
685 2872 738 2929 τῶν
748 2868 892 2951 ίργωντῦνν
902 2867 1058 2948 ἀργυρείων.
1114 2872 1308 2930 continerent.
1323 2870 1396 2941 Qus
1409 2872 1435 2929 si
1448 2885 1527 2929 recte
1539 2889 1571 2929 se
1581 2870 1704 2942 habent,
1716 2870 1778 2948 jam
1794 2891 1832 2930 ex
1845 2873 1882 2930 si·

289 2960 342 3021 Καὶ
360 2951 404 3019 oda
421 2958 538 3033 ῦιιηνίκα
555 2957 614 3026 τοῦς
628 2959 689 3039 περὶ
706 2962 821 3039 τάγαθοῦ
841 2956 936 3038 διεξῄει
950 2958 1057 3036 λόγους,
1113 2958 1281 3018 militudine
1305 2957 1380 3017 illud
1399 2959 1595 3017 demonstrari
1618 2960 1742 3037 poterit,
1756 2961 1837 3037 quod
1860 2973 1893 3046 τει

286 3045 418 3124 Ιλιγγίασί
432 3070 496 3106 ποτε
506 3052 534 3114 θ
550 3046 632 3115 πολὺς
646 3047 752 3126 όμιλος,
767 3047 814 3107 καλ
829 3045 999 3127 ἀπερρόησαν
1013 3048 1059 3106 τοῦ
1112 3065 1165 3126 per
1174 3066 1206 3106 se
1219 3046 1290 3105 satis
1303 3044 1457 3124 probabile
1469 3046 1598 3118 videtur,
1614 3045 1708 3105 libros
1722 3046 1784 3125 περλ
1794 3045 1883 3124 τἎγα-

286 3143 380 3216 χοροῦ,
401 3135 447 3193 καὶ
467 3136 595 3194 τελευτῶν
610 3136 642 3205 δὴ
662 3134 804 3208 κατάληξιν
819 3137 855 3202 είς
867 3134 928 3202 τοθς
941 3132 1059 3205 συνήθεις
1112 3137 1157 3193 boii
1166 3133 1204 3193 ab
1213 3133 1372 3193 Aristotele
1383 3134 1576 3212 conscriptos,
1587 3133 1721 3205 minime,
1734 3146 1768 3192 ut
1782 3132 1885 3194 llsrsius

285 3223 414 3300 θμελητάς
429 3225 467 3301 τῷ
481 3223 606 3282 Πλάτωνι
620 3224 713 3301 μόνους
727 3223 757 3283 τὸ
772 3222 891 3302 θίατρον.
904 3223 976 3293 Quae
988 3242 1060 3282 vero
1113 3220 1225 3293 voluit,
1249 3220 1423 3297 dialogicanr
1448 3221 1570 3280 formant
1593 3219 1750 3293 babuisse,
1773 3222 1882 3299 quippe

285 3312 317 3369 in
336 3310 413 3369 hunc
434 3309 551 3369 modum
572 3311 657 3371 Plato
682 3312 898 3391 disputaverat,
922 3330 939 3368 a
960 3310 1061 3370 multis
1113 3329 1203 3386 quurn
1231 3322 1260 3367 et
1284 3308 1448 3368 Heraclidis
1469 3309 1507 3368 de
1525 3310 1608 3368 llono
1629 3306 1699 3367 libri
1722 3328 1783 3366 nou
1811 3310 1887 3367 inter

285 3410 405 3477 excepta
423 3410 451 3457 et
473 3399 590 3477 scriptis
611 3399 747 3459 mandata
769 3412 869 3470 erant,
886 3398 923 3456 de
945 3418 1004 3475 qua
1028 3418 1061 3457 re
1113 3396 1265 3473 dialogos,
1280 3396 1331 3456 sed
1346 3398 1423 3456 iuter
1439 3397 1554 3477 physici
1572 3397 1735 3473 argumenti
1748 3397 1885 3476 scriptas

285 3488 457 3566 praeclarum
493 3500 586 3548 exstat
621 3488 781 3547 Alexandri
817 3485 1061 3564 Aphrodisiensis
1113 3484 1245 3561 Diogene
1259 3497 1445 3562 reponantur.

285 3577 482 3637 testimonium
503 3595 521 3635 a
534 3576 688 3655 Simplicio
706 3577 742 3635 ad
756 3577 780 3637 l.
800 3575 821 3634 l.
838 3575 991 3653 Physicor.
1012 3574 1061 3633 al·
1154 3574 1197 3632 lle
1211 3572 1295 3631 libris
1309 3571 1370 3651 περὶ
1382 3570 1509 3652 τἈγτθοῦ
1524 3575 1594 3632 satis
1602 3573 1664 3650 jam
1678 3571 1828 3651 disputata
1843 3572 1885 3629 lo·

285 3665 391 3736 latum,
407 3663 458 3722 iol.
477 3664 531 3730 3ο,
550 3681 637 3722 verso
651 3666 697 3743 (p.
711 3666 779 3736 334,
794 3664 827 3734 ll,
848 3664 885 3721 25
910 3657 1031 3742 Brand.)
1050 3684 1057 3720 ε
1114 3672 1200 3729 rent,
1217 3660 1275 3719 nisi
1297 3673 1327 3717 et
1349 3658 1481 3737 quasdam
1502 3657 1670 3736 adjicienda
1683 3657 1831 3717 essoutde
1843 3676 1887 3715 er·

286 3753 364 3833 Λέγει
386 3750 414 3811 ἀλ
436 3749 629 3830 θ’θλίξανδρος
644 3750 685 3811 ότι
702 3751 771 3812 κατὰ
796 3751 929 3813 Πλάτωνα
954 3750 1061 3811 πάντων
1114 3765 1191 3817 rore,
1200 3747 1231 3806 iu
1242 3766 1341 3825 quern,
1352 3759 1384 3805 ut
1394 3746 1478 3805 multi
1489 3746 1663 3823 inciderent,
1674 3746 1769 3824 ipsius
1781 3745 1887 3804 Aristo·

286 3837 356 3919 ἀρχὴ
371 3836 419 3897 καί
433 3837 520 3896 αὐτῶν
540 3840 593 3895 τῶν
615 3836 776 3897 ἰδιῶντότε
793 3838 820 3897 is
844 3840 900 3897 locs
922 3836 1060 3909 καίὴἀό-
1114 3834 1182 3894 telis
1195 3832 1295 3893 verbis
1312 3834 1417 3892 lactum
1433 3851 1497 3892 esse
1508 3845 1591 3910 puto.
1607 3832 1703 3903 Quum
1715 3832 1795 3891 enim
1816 3832 1883 3907 ille,

287 3950 373 4005 ριστος
386 3926 468 3998 δυάς,
482 3924 516 3996 ἣν
533 3923 602 4004 μίγα
619 3926 664 3985 καὶ
680 3924 772 4006 μικρὸν
787 3925 893 4005 όλεγεν,
912 3928 947 3993 ὡς
970 3926 1017 3986 καί
1032 3927 1058 3984 is
1114 3921 1165 3980 ubi
1187 3921 1318 3982 Platonis
1336 3922 1563 4001 disputationem
1583 3920 1728 3996 significat
1745 3920 1777 3978 in
1798 3919 1883 3977 libris

285 4017 339 4080 τοῖς
358 4014 419 4094 περὶ
441 4011 567 4092 τἈγαθοῦ
590 4011 769 4091 Ἀριστατελης
788 4013 958 4093 μνημονεύει.
975 4012 1061 4073 Adest
1113 4009 1150 4069 de
1159 4010 1265 4069 Anima
1275 4009 1299 4081 l,
1314 4032 1345 4084 a,
1357 4029 1384 4082 7,
1394 4028 1457 4069 eam
1469 4006 1503 4068 εά
1516 4008 1576 4084 περὶ
1590 4005 1744 4086 φιλοσοφίας
1757 4006 1886 4086 λιγόμινα

286 4100 314 4160 ἀλ
325 4102 357 4160 ἄν
372 4125 410 4169 τις
427 4100 474 4161 καί
493 4099 567 4180 πορθ
582 4099 756 4161 Σπευσίππου
771 4099 818 4160 καί
834 4099 907 4180 παρά
921 4101 1059 4178 Ξινοκρά·
1116 4098 1305 4177 appellasset,
1325 4098 1387 4156 haec
1405 4117 1422 4156 a
1436 4096 1587 4156 nonnullis
1602 4097 1643 4156 ita
1657 4097 1806 4156 intellectu
1816 4109 1883 4155 sunt

286 4210 345 4255 τους
358 4188 404 4247 καλ
415 4192 468 4249 τῶν
478 4188 579 4260 ἄλλων,
593 4185 619 4245 ol
630 4186 805 4268 παρεγίνοντο
818 4191 845 4247 ἐν
857 4192 894 4269 τῇ
907 4186 968 4265 περὶ
978 4189 1059 4266 τάγα·
1115 4185 1199 4261 quasi
1223 4183 1260 4243 de
1281 4182 1366 4242 tibris
1381 4203 1456 4262 quos
1475 4185 1538 4262 ipse
1558 4184 1618 4262 περλ
1634 4184 1799 4266 Φιλοσοφίας
1818 4204 1887 4242 cou-

286 4279 331 4334 θοῦ
348 4274 491 4342 Πλάτωνος
505 4276 647 4355 ἀκροάσει·
660 4275 757 4343 πάντες
770 4277 820 4358 γάρ
835 4276 1000 4357 συνέγραψαν
1014 4276 1060 4336 καὶ
1114 4273 1270 4351 scripserat
1286 4271 1456 4350 accipienda
1469 4285 1573 4332 essent.
1587 4272 1614 4330 Τ
1615 4272 1669 4332 alis
1688 4286 1784 4332 autem
1803 4292 1886 4331 error

286 4352 445 4413 διισόνσαντο
466 4354 516 4426 τὴν
534 4352 611 4422 δόξαν
625 4356 705 4414 αὐτοῦ
723 4356 770 4414 καὶ
789 4354 897 4424 ταόταις
916 4355 994 4415 αὐτὸν
1008 4359 1056 4436 ἀρ·
1114 4380 1148 4419 eo
1165 4359 1279 4419 facilius
1296 4360 1453 4438 propagari
1466 4361 1580 4439 potuit,
1595 4360 1674 4439 quod
1687 4360 1749 4438 jani
1769 4361 1884 4438 antiqui

284 4446 345 4520 χαῑς
356 4444 471 4519 χρῆσθαι
482 4440 614 4520 λέγουσιν·
626 4442 727 4502 eadem
746 4443 841 4517 inira,
860 4463 896 4502 ex
910 4444 1012 4503 eodem
1028 4454 1060 4502 ut
1114 4446 1285 4528 philosophi
1304 4447 1477 4527 interpretes
1495 4468 1555 4506 non
1575 4450 1645 4507 satis
1662 4463 1796 4508 accurate
1810 4468 1888 4507 senr-

287 4525 403 4585 videtur
432 4529 525 4598 ionte,
554 4529 660 4589 iterum
688 4531 781 4607 tangit
804 4530 852 4590 tol.
892 4541 944 4601 rol
972 4550 1059 4591 verso
1113 4556 1166 4614 per
1177 4535 1344 4595 distinxisse
1360 4535 1498 4594 ridentur
1519 4555 1585 4614 quae
1604 4533 1653 4594 hic
1676 4536 1886 4613 distinguenda

287 4618 336 4693 (p.
357 4616 432 4686 362,
447 4618 484 4688 Α,
504 4636 538 4673 ιο
553 4616 681 4695 brand.)
701 4618 779 4690 τΤὴν
792 4619 820 4679 ll
838 4619 958 4701 ἀόριστον
976 4618 1059 4679 δυάδα
1112 4636 1206 4684 erant.
1219 4622 1311 4700 Cujus
1336 4624 1381 4683 rei
1398 4623 1531 4703 exemplo
1550 4636 1617 4683 sunt
1639 4626 1692 4701 qui
1716 4625 1885 4703 exscriptus

285 4701 331 4761 καὶ
346 4705 372 4763 ἐν
392 4703 446 4770 τοῖς
465 4707 565 4774 νοητοῖς
585 4705 664 4772 τιθείς
678 4710 708 4782 (ό
724 4709 837 4768 ΙΙλάτονν
853 4711 934 4787 scil.)
951 4710 1058 4788 άπειρον
1112 4722 1155 4767 est
1170 4708 1289 4767 aSuida
1303 4722 1386 4769 vetus
1410 4711 1554 4789 interpres
1577 4728 1600 4768 s.
1615 4730 1645 4769 v.
1661 4708 1776 4785 Ἀγαθοῦ
1791 4710 1884 4787 δαίμο·

285 4780 351 4850 εἶναι
366 4788 471 4868 ίλκγεν,
486 4790 533 4851 καί
545 4791 576 4852 τό
590 4791 660 4872 μίγα
671 4793 699 4854 dl
712 4796 759 4855 aul
771 4797 802 4857 τὸ
816 4797 909 4875 μικρὸν
922 4793 1006 4875 ἀρχάς
1018 4819 1058 4854 τι·
1111 4793 1224 4867 νος,ιοίιί
1235 4795 1341 4871 legitur
1353 4793 1434 4856 2'Ost
1443 4797 1503 4876 περί
1512 4795 1636 4873 τἰθγαθοῦ
1646 4772 1746 4875 pientes
1757 4796 1886 4865 συντάξας

286 4879 337 4946 θείς
349 4876 447 4958 ἄπειρα
461 4867 529 4938 ε’ίναε
540 4878 629 4962 Ιλεγεν
643 4883 669 4941 ds
681 4886 736 4952 τοῖς
748 4884 809 4966 περί
823 4888 939 4961 τάγαθοῦ
953 4883 1054 4957 λόγοις,
1112 4881 1298 4962 Ἀριστοτίλης
1315 4883 1362 4950 rt<
1381 4884 1510 4966 ἀγράφως
1524 4889 1570 4944 τοῦ
1591 4884 1734 4951 ΙΓλάευενες
1757 4883 1834 4953 δόξας
1854 4887 1883 4944 ἀν

284 4957 350 5034 siet
365 4964 543 5045 Ἀριστοτελης
562 4970 609 5028 καὶ
622 4967 799 5051 Ἡρακλείδης
820 4971 876 5051 [ci.
894 4970 1001 5028 lloulez
1021 4974 1059 5027 de
1111 4972 1184 5052 αὐτῷ
1207 4971 1366 5031 κατατάττει
1392 4972 1437 5030 καί
1465 4969 1597 5049 μίμνηται
1625 4976 1671 5030 τοῦ
1699 4971 1886 5047 συντάγματος

286 5056 439 5112 Heraclide
450 5056 586 5132 Pontico,
600 5060 742 5130 Luranii,
769 5061 860 5131 1828,
884 5079 915 5137 p.
941 5061 996 5135 19)
1011 5058 1057 5118 καί
1111 5055 1289 5139 Ἀριστοτίλης
1304 5058 1330 5115 is
1344 5079 1383 5137 τιρ
1403 5056 1428 5115 α’
1444 5057 1504 5137 περί
1524 5058 1623 5137 Ψυχῆς
1637 5056 1806 5132 ίπονομάζαν
1821 5056 1887 5114 αὐτὸ

286 5140 483 5215 ‘Kurishtish
496 5143 582 5220 lliog.
597 5143 692 5204 baert.
708 5147 766 5218 ΙΙΙ,
782 5146 989 5220 46,Βιοιιιθίο,
1003 5151 1057 5206 Ge·
1110 5144 1170 5225 περὶ
1188 5144 1351 5225 Φιλοσοφίας
1370 5145 1424 5224 [ci.
1441 5144 1538 5204 schol,
1559 5163 1577 5203 e
1601 5144 1667 5204 cod.
1688 5143 1785 5205 Paris.
1807 5144 1887 5222 apud

285 5230 603 5309 -··clriclttedergr.·raem.
611 5232 806 5310 philosophie,
816 5246 838 5294 t.
847 5234 888 5307 ll,
901 5235 1055 5313 1‚p.180),
1111 5232 1243 5294 brandis.
1278 5236 1404 5292 Diotribe
1438 5238 1474 5292 de
1505 5239 1591 5293 Arist.
1626 5236 1664 5290 ele
1691 5236 1784 5304 Bono,
1813 5244 1886 5302 etc„
