3959 5900
839 449 1044 513 aristeum

117 612 187 682 post
212 595 391 658 levaldinnt
418 593 464 673 (in
486 589 619 665 Εκαιεεεεε
642 599 709 666 post
731 585 889 645 editionem

115 687 243 750 «loannis
259 684 335 763 Lydi
354 683 392 742 de
411 677 560 738 llensibus
580 677 628 735 ed.
646 673 776 746 lioether‚
808 671 890 750 lips.

122 779 197 850 1827
207 772 360 853 hilarius
374 767 530 848 judicarit,
543 764 595 843 qni
608 762 645 821 od
661 761 809 836 dialogum
833 757 892 838 περί

119 861 242 926 Πλούτου
258 860 314 919 ίιυα
332 860 523 934 fragmentum
542 850 659 924 retulit,
674 849 725 909 sed
739 847 837 928 potius
856 846 893 907 de

117 950 253 1031 epistola.
274 947 410 1007 Ceterum
431 942 560 1002 Joannes
578 939 678 1017 Lydus
706 934 900 996 sinedubio'

117 1038 282 1118 desumpsit
295 1035 373 1094 hune
387 1034 495 1111 locum,
507 1043 540 1091 ut
550 1042 579 1088 et
589 1027 726 1087 Isocratis
739 1024 776 1084 ad
784 1025 891 1105 Demo·

118 1129 218 1187 uicum
238 1143 323 1203 quem
334 1119 420 1182 simui
435 1120 531 1192 allent,
549 1136 566 1176 e
579 1114 738 1190 florilegio
753 1111 889 1191 quodam.

417 1302 464 1353 ,ευ
486 1278 584 1362 titel·
665 1268 668 1275 ’

159 1418 200 1475 Ex
222 1416 346 1496 epistola
372 1416 493 1473 fortasse
515 1410 604 1468 ducta
626 1420 695 1466 sunt
721 1400 895 1483 quaelubet

113 1508 247 1565 ioannes
270 1503 370 1580 Lydus
384 1502 421 1560 de
445 1495 597 1557 Mensibus
620 1497 649 1568 3,
670 1496 720 1570 36,
736 1512 769 1571 ρ.
787 1491 825 1559 45
846 1491 892 1549 ed.

117 1588 213 1647 Bonn.
226 1581 552 1665 εὍτιἎριστοτόλης
569 1580 613 1640 ria
635 1578 815 1651 Καλλισθένην
831 1576 894 1637 ἀπό·

116 1677 210 1755 midi
225 1672 269 1732 τόν
283 1671 332 1748 μίν
347 1670 468 1751 περιττόν
481 1674 540 1729 νοῦν
554 1666 625 1747 ἔχειν
636 1665 680 1727 τόν
694 1665 722 1725 δύ
734 1665 894 1745 όνθρεύπενον

117 1758 343 1833 ἀποθεθληκίναι.
371 1759 473 1818 Simile
501 1772 545 1817 est
575 1755 655 1835 quod
682 1755 790 1831 legitur
818 1754 894 1833 apud

116 1850 217 1909 Sehol.
237 1847 358 1907 Luciani
381 1846 507 1906 Conviv.
524 1843 609 1918 etit,
625 1864 655 1923 p.
676 1844 726 1917 73,
742 1841 788 1904 ed.
810 1842 894 1921 θόρε

115 1937 199 1998 Ἀλλδ
212 1938 264 1995 τῶν
282 1936 330 2012 μίν
350 1933 509 2014 κικριμίνεις
529 1932 575 1991 καλ
592 1931 778 2012 προσεχόντως
791 1932 896 2010 φιλοσο-

115 2025 235 2105 ερούντυιν
253 2023 313 2105 περὶ
331 2013 367 2082 ὧν
376 2023 423 2081 καὶ
439 2019 618 2103 ’λριστατίλης
631 2017 726 2100 ρησίν,
740 2015 781 2076 δτι
793 2015 838 2079 ria
848 2015 896 2093 μίν

113 2114 230 2195 θύραθεν
245 2116 304 2172 νοῦν
326 2109 534 2190 παραιτήσαντο,
546 2108 591 2169 eia
613 2107 642 2167 il
662 2108 727 2168 ίδιον
741 2102 896 2182 ἀπώλεσαν,

112 2216 147 2262 et
172 2200 320 2261 Plutarch.
346 2200 379 2261 V.
395 2199 492 2260 «ΑΙειι.
518 2218 546 2260 e.
572 2199 608 2257 53
637 2198 702 2258 :ol
728 2194 832 2276 ραύλως
851 2184 895 2254 σύν

116 2291 203 2350 εἰπεῖν
217 2289 300 2349 ίοικεν
324 2292 338 2348 ό
357 2286 553 2368 Ἀριστοτέλης,
566 2284 606 2345 ότι
620 2284 802 2357 Καλλισθένης
824 2282 896 2363 λόγῳ

113 2377 166 2454 μίν
186 2370 218 2451 ἦν
241 2374 409 2443 interituri
431 2373 528 2453 μέγας,
545 2377 606 2433 νοῦν
627 2374 650 2432 δ’
674 2377 721 2434 oia
737 2363 817 2454 εῖχεν.
849 2370 894 2432 Ci.

112 2465 373 2538 Westermann,de
383 2465 556 2522 Callisthene
565 2464 710 2535 Olynthio,
719 2460 893 2540 Lim-1838,

111 2554 201 2618 Part.
212 2553 236 2626 l,
250 2573 280 2632 p,
295 2574 341 2625 ιι,
352 2564 380 2611 et
392 2571 478 2630 quem
493 2549 590 2609 laudat
604 2548 729 2628 liniger,
742 2551 773 2608 in
793 2547 895 2606 laiu's

110 2643 216 2701 Jahrb.
232 2655 253 2700 t.
265 2639 325 2713 XV,
339 2661 367 2721 p.
388 2642 455 2717 ¹93·

437 2801 472 2839 at
493 2780 584 2858 (660).

155 2926 323 3001 Sequuntur
333 2920 395 3000 jam
407 2933 550 2999 quotquot
560 2921 681 2996 integrat
696 2931 809 2979 exstant
825 2918 891 2977 liri·

110 3010 229 3072 stotelis
244 3009 362 3068 nomine
372 3010 521 3089 inseriptae
535 3008 691 3088 Epistola.
707 3008 778 3078 Qasr
796 3009 822 3067 si
831 3007 892 3085 jam

110 3099 210 3158 multo
237 3097 448 3158 emendatiores
475 3098 507 3157 in
533 3099 626 3157 luoem
649 3096 809 3175 prodeunt,
838 3096 894 3156 hoo

110 3205 221 3248 eorum
239 3187 390 3246 iudustriae
412 3199 499 3264 atque
519 3187 598 3246 euris
611 3184 744 3262 debetur,
760 3186 813 3263 qui
829 3185 892 3244 Coi·

110 3277 269 3337 lectionem
280 3274 588 3356 Epistoiographorum
599 3274 631 3332 iu
645 3272 699 3332 hae
712 3271 894 3333 Bibliotheca

68 3371 71 3376 ‘
111 3364 284 3424 ediderunt.

399 3482 444 3555 (α’)
460 3493 611 3554 artuino.

158 3602 196 3660 Oi
209 3597 256 3664 τίς
269 3597 408 3674 ἡγεμονίας
422 3595 650 3673 ἂναλαμόύνοντες
662 3595 727 3674 πρὸς
743 3597 891 3678 εὐεργεσίαν

1664 443 1723 535 ³29

949 582 1000 650 τῆς
1020 576 1123 660 ρύσεεος
1145 575 1305 658 προηγμίνοι
1327 574 1374 644 ade
1402 573 1486 656 θρχδς
1509 573 1724 651 ίμπεστεύονται,

948 666 978 728 αῖ
987 664 1160 746 μεταπίπτειν
1172 664 1308 737 εἰώθασιν,
1319 665 1380 724 ἀλλ’
1391 663 1435 724 tei
1445 664 1504 730 ταῖς
1521 664 1626 744 θρεταῖς
1655 663 1725 742 μέγα

949 759 1086 838 ρρονοῦοιν
1100 743 1129 812 ri
1146 752 1192 812 καί
1206 751 1307 833 σφόδρα
1320 754 1406 832 sopire
1419 750 1627 828 πολιτευόμενοι.
1640 750 1725 812 Ούδίν

948 842 999 923 γὰρ
1011 844 1062 902 τῶν
1084 842 1111 901 ἰν
1127 838 1273 920 ἀνθρώποις
1287 837 1413 918 βίόαιον,
1432 837 1478 896 καί
1498 838 1605 920 ἰσχυρόν
1627 839 1727 901 sitivi

948 929 1029 1009 μέχρι
1045 933 1092 1001 τῆς
1101 925 1217 1008 ιίεετόρας
1229 924 1303 998 ἥλιος
1315 925 1428 1007 τραχεῖα
1439 926 1508 1006 ῥοπῇ
1523 925 1561 1001 μὴ
1575 926 1724 986 συναλλοιοῖ

948 1019 995 1076 καῖ
1010 1014 1165 1097 μιταρίρει.
1189 1014 1368 1075 Ποικίλλουσα
1385 1012 1445 1080 τούς
1459 1012 1530 1092 βίους
1543 1011 1664 1082 ἅπαντας
1676 1037 1726 1073 κα·

948 1105 1032 1184 θόπερ
1052 1101 1199 1185 τραγῳδίας
1220 1101 1357 1182 ύποκρίεεε
1375 1103 1428 1167 τοῖς
1446 1097 1585 1176 ἡμετίροις
1604 1103 1727 1171 κακοῖςὴ

948 1191 1018 1271 τύχη
1033 1188 1239 1268 μετασκευάζει,
1256 1188 1330 1269 είπερ
1350 1187 1388 1265 μὴ
1407 1185 1581 1268 διεψεύσμεθα
1600 1189 1646 1259 τῆς
1660 1188 1727 1260 ἄλη·

948 1281 1033 1354 θείας,
1044 1280 1085 1339 ότι
1099 1278 1144 1338 τὸν
1168 1278 1245 1337 αύτῖν
1262 1278 1359 1356 τρόπον
1379 1275 1458 1355 όνπερ
1479 1278 1531 1334 τῶν
1556 1275 1587 1333 ix
1599 1279 1647 1353 γῆς
1666 1298 1728 1356 ροσ-

949 1369 1035 1441 μόνειν
1045 1366 1161 1436 ίκαστα,
1173 1365 1219 1424 καί
1229 1364 1288 1433 τοὺς
1299 1365 1394 1444 ἄνδρας
1409 1366 1493 1423 ἀνθεῖν
1507 1362 1571 1422 ποτὶ
1587 1362 1727 1441 συμόαίνει

949 1455 994 1514 καὶ
1016 1453 1062 1523 ede
1087 1453 1174 1531 δαμόις
1196 1456 1223 1513 ἐν
1246 1452 1350 1534 χρόνοις
1373 1453 1440 1513 τισίν
1463 1452 1729 1530 ἀναλαμόανομίνους

950 1539 1019 1600 πολὺ
1033 1545 1085 1601 τῶν
1097 1542 1184 1600 ἄλλων
1196 1542 1339 1623 διαρόρειν.
1357 1540 1407 1602 Διὸ
1419 1536 1503 1622 πειρῶ
1517 1539 1585 1617 μήτε
1597 1544 1645 1612 τῆς
1659 1540 1727 1603 Ἑλ·

950 1630 1030 1698 λόδος
1041 1628 1263 1712 τυραννικώτερον
1280 1628 1456 1710 προίστασθαι
1468 1628 1536 1704 μήτε
1554 1631 1607 1697 τοῖς
1627 1628 1729 1709 ῥήμασι

950 1717 1138 1798 σοόαρύιτερον·
1151 1719 1181 1778 τδ
1195 1717 1243 1795 μίν
1255 1715 1306 1797 γὰρ
1322 1717 1477 1801 προπετείας
1490 1716 1547 1777 loti
1564 1719 1686 1794 empsim,
1697 1717 1728 1778 τδ

950 1804 978 1865 δὲ
1000 1805 1210 1884 δμολογουμόνης
1226 1803 1351 1873 όύουλίας
1371 1805 1524 1886 τεκμήριον.
1544 1809 1592 1866 Δεῖ
1604 1802 1729 1885 γδρὶτοδς

950 1896 1009 1950 νοῦν
1024 1891 1132 1973 ἔχοντες
1151 1894 1203 1950 τῶν
1224 1890 1433 1952 δυναστευόντων
1454 1891 1492 1967 μὴ
1513 1891 1557 1951 διδ
1579 1890 1626 1959 ede
1646 1890 1730 1972 όρχδς

952 1978 1022 2038 tiit
1046 1980 1089 2038 iri
1113 1982 1165 2039 τῶν
1186 1979 1487 2061 όρχῖινθαυμόζεσθαι,
1512 1978 1557 2037 ἵνα
1578 1981 1624 2050 τῆς
1646 1979 1730 2058 τύχης

951 2066 1153 2141 μεταπεσούσης
1174 2071 1226 2127 τῶν
1247 2070 1332 2127 αύτῶν
1347 2066 1486 2145 ίγκωμίων
1502 2065 1634 2136 όξιιῖινται.
1650 2067 1695 2127 Τίι
1705 2067 1729 2125 δ’

952 2153 1022 2213 ἄλλα
1036 2145 1065 2215 sd
1090 2166 1207 2237 aspiret,
1229 2155 1317 2238 ψυχὴν
1338 2155 1403 2236 πρὸς
1423 2155 1577 2237 ριλσσορίαν
1601 2159 1681 2234 σῶμα
1700 2153 1728 2214 di

950 2241 1015 2321 πρὸς
1034 2242 1133 2320 ὑγιείαν
1147 2243 1217 2324 ἄγων
1230 2245 1276 2304 καὶ
1289 2245 1319 2275 “
1333 2242 1546 2322 ἐπιμελούμενος.

993 2331 1088 2391 Verba
1103 2332 1173 2392 inde
1186 2353 1204 2391 ε
1215 2333 1255 2392 δεῖ
1265 2333 1316 2415 ρδρ
1331 2331 1460 2399 τοδςνοῖιν
1471 2333 1578 2410 όχοντας
1587 2334 1626 2392 tid
1640 2330 1730 2402 θὶιῖῖιν-

950 2444 996 2479 ται
1009 2440 1113 2498 usqne,
1137 2421 1274 2496 leguntur
1292 2423 1324 2480 in
1343 2421 1467 2481 loannis
1479 2420 1588 2479 Stobtei
1605 2420 1730 2481 Florile-

950 2509 1000 2587 gio
1015 2506 1101 2580 xli,
1122 2511 1168 2581 ιθ,
1184 2509 1224 2567 ita
1234 2522 1329 2568 tannen
1342 2511 1498 2581 ut‚omissa
1511 2508 1654 2585 particula
1664 2506 1729 2586 γάρ,

951 2614 1007 2674 pro
1023 2594 1066 2654 δελ
1080 2598 1132 2653 τῶν
1146 2599 1234 2675 ἀρχῶν
1248 2596 1340 2655 multo
1355 2596 1459 2655 melius
1471 2596 1615 2654 scribatur
1627 2592 1672 2655 διδ
1682 2590 1730 2661 sd<

952 2680 1056 2762 θρετόε.
1072 2681 1178 2743 Eadem
1195 2684 1338 2742 sententia
1355 2682 1411 2743 sub
1426 2683 1593 2745 Aristotelis
1609 2682 1731 2742 nomine

950 2772 1077 2830 recurrit
1088 2773 1119 2829 in
1129 2772 1260 2850 Apostoi.
1272 2770 1358 2829 Pror.
1366 2775 1400 2842 V,
1417 2791 1455 2845 9⁰
1471 2777 1496 2841 ⁸,
1511 2772 1580 2829 item
1593 2783 1636 2829 ter
1649 2770 1728 2849 apud

947 2859 1101 2916 Arsenium
1114 2854 1195 2924 ltili,
1216 2860 1272 2931 58;
1288 2857 1394 2927 xiiii,
1411 2879 1465 2929 εις
1490 2857 1573 2931 xix,
1587 2879 1624 2936 97
1649 2871 1678 2919 et
1697 2860 1730 2917 in

947 2947 1068 3006 Antonii
1090 2947 1207 3008 Melissa
1226 2949 1291 3020 103,
1306 2969 1335 3027 p.
1352 2945 1528 3020 174Fabrie.
1541 2946 1729 3007 Demostheni

950 3034 1092 3093 tribuitur
1115 3035 1146 3094 in
1166 3036 1282 3095 Arsenii
1299 3034 1428 3094 Violario
1442 3056 1474 3114 p.
1492 3034 1547 3095 188
1567 3034 1658 3098 Walz.

948 3245 951 3253 .
1235 3202 1444 3268 quaunmo.

949 3414 951 3417 Ι
994 3339 1030 3399 Ol
1046 3340 1139 3400 πολλοὶ
1150 3344 1203 3402 τῖεν
1215 3344 1363 3426 ριλοσόρυιν
1377 3344 1424 3418 τ-λν
1440 3346 1589 3428 εὐεργεσίαν
1606 3352 1657 3428 θεῷ
1672 3348 1731 3408 ίσό-

957 3448 1047 3505 insipat
1059 3431 1275 3511 παρεσκεύασαν·
1285 3437 1320 3501 ὡς
1330 3435 1382 3513 γὰρ
1392 3434 1482 3501 ἁπλῶς
1489 3436 1570 3494 είπεῖν
1578 3434 1685 3513 χόριτσς
1693 3437 1733 3496 δό·

953 3535 992 3580 σες
1002 3516 1046 3574 καί
1058 3517 1156 3594 alpaidi
1174 3520 1276 3599 συνύχει
1289 3519 1349 3587 τοὺς
1360 3526 1412 3580 τῶν
1422 3517 1566 3601 ἂνθρόιπων
1584 3522 1664 3600 βίους,
1678 3527 1730 3581 τῶν

952 3601 1000 3675 μίν
1013 3602 1147 3678 διδόντων,
1159 3609 1210 3665 τῶν
1224 3608 1251 3666 di
1268 3606 1479 3684 λαμόανόντων,
1496 3610 1549 3666 τῶν
1561 3609 1584 3666 δ’
1595 3600 1628 3668 ei
1649 3609 1729 3668 πόλιν

112 3691 169 3748 τῶν
191 3683 363 3765 όριρομίνειν,
385 3685 434 3762 ούχ
449 3683 499 3743 ύπδ
518 3686 565 3753 τῆς
578 3682 671 3762 τύχης,
692 3682 753 3742 ἀλλ’
766 3684 822 3744 οὐδ’
841 3686 893 3745 iord
945 3688 1234 3748 tarentinensem
1245 3688 1325 3745 καλὸν
1335 3686 1381 3747 καί
1392 3687 1492 3747 δίκαιόν
1504 3687 1668 3756 ε’στιπόντας
1678 3687 1728 3765 μίν

491 3874 531 3918 2⁰.

148 3979 295 4035 Aristoteles
312 3979 454 4032 Callistheni
476 3980 565 4042 illusit,
584 3979 670 4032 dioeos
690 3994 749 4033 eom
773 3980 893 4046 imperem

116 4071 221 4137 quidem
231 4068 350 4120 rationem
360 4068 463 4132 habere,
479 4069 708 4121 humamanam
718 4069 862 4135 perdidisse.

420 4217 595 4270 nutriero.

150 4357 199 4416 Qui
214 4355 316 4420 irnperio
328 4355 353 4405 in
371 4370 397 4406 se
409 4355 542 4420 recipiunt,
557 4360 587 4407 ut
598 4355 661 4407 bene
672 4354 778 4406 subditis
790 4355 893 4419 iaciant,

119 4459 198 4495 πονιτ
222 4443 335 4504 senuna,
355 4441 399 4493 sed
417 4455 447 4492 ne
465 4446 553 4492 natura
572 4443 672 4507 quidem
694 4456 739 4493 sua
758 4443 897 4494 evehuntur

121 4532 171 4596 lta,
182 4536 213 4583 ut
222 4530 252 4581 iis
268 4529 422 4595 vprincipatus
432 4529 602 4592 demandetur,
617 4533 687 4594 eujus
699 4543 755 4600 esse
768 4530 829 4581 solet
838 4544 896 4580 mn·

120 4620 184 4671 tatio
197 4622 272 4683 atque
284 4618 391 4679 eversio,
403 4618 446 4669 sed
460 4617 594 4670 virtullbm
612 4619 665 4670 suia
675 4633 730 4669 sese
744 4618 858 4678 etlemnt,
869 4622 896 4668 et

120 4707 146 4760 hi
157 4711 224 4758 reete
236 4705 335 4771 quidem
348 4709 373 4756 et
388 4706 510 4770 sapienter
521 4707 620 4758 omnino
634 4705 808 4770 rempublicam
817 4705 895 4755 admi·

120 4791 232 4843 nistrant
244 4792 309 4842 iiihil
323 4791 387 4841 enim
407 4796 444 4841 est
456 4791 481 4841 in
492 4789 619 4841 hominum
631 4791 683 4841 rita
694 4790 782 4842 stabile
794 4794 838 4841 aut
851 4805 896 4840 νε·

121 4881 199 4932 lidum
205 4882 272 4946 quod
283 4897 330 4933 non
340 4880 458 4945 usquead
469 4894 597 4946 vesperam
610 4880 669 4931 solis
678 4895 767 4931 corsus
774 4881 862 4931 acerba
871 4884 897 4931 et

124 4982 209 5032 aspera
218 4971 399 5034 perturbatione
406 4973 540 5021 commutat
548 4974 572 5019 et
581 4970 605 5019 in
612 4970 689 5020 ulium
698 4969 780 5020 laeum
789 4970 895 5020 transie-

124 5058 172 5105 rat.
182 5056 382 5109 Portunamnetu
390 5058 541 5123 rltaegenera
551 5058 774 5121 innotueruntque
782 5056 895 5107 habitum

25 5197 26 5200 ,
125 5140 196 5192 malis
210 5143 299 5193 nostr-is
311 5144 388 5208 veluti
405 5145 534 5212 tragedia
549 5144 646 5196 actione
657 5146 807 5205 commutat,
819 5142 896 5206 siqui·

25 5237 26 5244 ¹
125 5228 182 5280 dem
200 5244 248 5281 non
266 5231 409 5282 aberramus
428 5248 443 5284 a
462 5234 580 5298 veritate,
602 5232 688 5285 eadem
713 5232 820 5293 ratione,
847 5244 897 5294 qna
921 5269 925 5275 .

950 3853 1141 3918 unumquodque
1163 3868 1261 3915 eorum,
1282 3868 1340 3918 quta
1360 3868 1374 3904 e
1405 3858 1472 3905 terra
1488 3857 1634 3918 naseuntur,
1660 3854 1727 3904 viros

949 3957 1049 4008 qnoque
1064 3943 1195 4008 siquando
1206 3944 1294 3995 llorere
1309 3948 1333 3996 ei
1346 3944 1428 4009 rigore
1440 3958 1469 3995 ao
1480 3944 1568 3995 robore
1577 3945 1652 3995 cerlis
1663 3947 1726 3995 ient·

949 4032 1050 4097 poribus
1058 4031 1259 4098 assumpiolonge
1267 4033 1363 4083 catoris
1373 4037 1491 4097 praestare
1503 4032 1628 4098 contingit.
1641 4035 1733 4091 Quam·

949 4120 1035 4171 obrem
1052 4121 1161 4171 annitere
1173 4123 1202 4171 ut
1220 4134 1299 4187 neque
1319 4121 1416 4184 tyranni
1435 4122 1512 4171 instar
1529 4121 1554 4170 lu
1567 4121 1725 4184 gubernande

950 4209 1046 4259 Gracia
1059 4213 1084 4260 te
1097 4222 1181 4272 geras,
1195 4222 1274 4273 neque
1286 4208 1358 4260 dietis
1372 4209 1516 4260 insolentius
1532 4209 1675 4273 superbiam
1686 4208 1724 4259 ai·

950 4301 1031 4349 lerum
1043 4297 1107 4348 enim
1126 4297 1268 4362 petulantie
1283 4298 1377 4362 signum
1395 4302 1448 4361 est,
1467 4298 1573 4348 alierum
1591 4297 1727 4347 manifesta

951 4385 1097 4438 temeritatis
1105 4389 1284 4450 argumentum.
1297 4386 1448 4451 sapientium
1460 4386 1525 4436 enim
1532 4387 1670 4451 principum
1679 4386 1728 4437 hot

949 4479 989 4527 est
1007 4475 1129 4537 odicium,
1148 4476 1177 4523 ut
1196 4484 1243 4523 uon
1257 4479 1359 4540 propter
1377 4474 1478 4540 imperia
1496 4474 1540 4524 sed
1561 4487 1604 4538 per
1623 4473 1727 4538 imperia

949 4567 1039 4628 (ιἐιιιιιο
1053 4579 1098 4631 per
1116 4563 1236 4628 virtutes}
1247 4565 1433 4617 admirationem
1444 4564 1492 4615 sibi
1512 4564 1622 4628 pariant,
1642 4566 1685 4624 ui,
1706 4561 1727 4611 sl

951 4657 1049 4706 torinna
1062 4657 1191 4708 inmutata
1202 4656 1289 4718 tuerit,
1308 4654 1396 4705 iisdem
1407 4652 1522 4702 laudibus
1534 4651 1599 4716 dipri
1615 4650 1726 4702 habean-

920 4769 924 4808 q
952 4748 1003 4793 tur.
1019 4747 1136 4796 Ceterum
1154 4745 1224 4806 vale,
1240 4747 1348 4794 montem
1366 4742 1396 4791 ad
1418 4740 1541 4806 sapientie
1559 4740 1726 4804 disciplinam,

920 4831 924 4872 l
948 4841 1039 4896 eorpus
1050 4832 1081 4883 ad
1098 4832 1263 4884 valetudinem
1275 4843 1393 4882 revocans
1405 4828 1527 4893 simulque
1538 4828 1650 4879 utilitatis
1660 4840 1726 4877 eura

949 4920 1052 4972 habeas.

1251 5062 1424 5112 PHILIPPO.

981 5228 1095 5292 Plerique
1106 5225 1246 5292 philosophi
1254 5224 1422 5277 beneficentia
1433 5224 1543 5275 divinum
1555 5220 1673 5273 honorem
1680 5219 1725 5271 tri·
