3959 5900
807 502 1053 563 ARISTOTELIS
1076 504 1323 564 FRAGMENTA.

565 642 593 700 i·
617 631 692 709 (θα)

291 789 375 865 Diog.
390 788 500 861 Laert,
515 787 555 861 ΙΙ,
575 793 613 848 26
635 812 641 848 ι
662 788 738 860 Φησί
753 791 776 847 δ’
792 788 1027 869 Ἀριστοτέλης

250 878 296 937 δύο
307 885 431 955 γυναῖκας
445 876 521 935 αὐτὸν
533 875 588 954 (τὸν
598 877 754 956 Σωκράτην)
767 878 921 957 ἀγαγέσθαι,
932 879 1026 956 προτέ-

250 988 296 1042 ραν
309 964 356 1040 μὲν
368 961 536 1034 Ξανθίππην,
546 962 572 1031 ἐξ
581 957 691 1044 hesdri}
702 962 823 1042 γενέσθαι
835 963 1027 1042 Λαμπροκλέα·

248 1051 368 1132 δευτέραν
389 1051 416 1110 δί
435 1049 548 1130 Μυρτὼ,
563 1049 609 1122 τῆν
622 1050 779 1128 Ἀριστείδου
801 1056 847 1111 τοῦ
868 1050 968 1110 δικαίου
981 1056 1025 1110 bu·

247 1139 357 1218 γατέρα,
373 1139 405 1210 ἢν
420 1137 465 1197 καί
478 1137 602 1217 ἄπροικον
622 1138 725 1213 λαθεῖν,
738 1136 766 1207 έξ
779 1130 810 1209 ἧς
827 1138 948 1217 γενέσθαι
964 1139 1024 1199 Σω-

248 1226 384 1307 φρονίσκον
400 1225 446 1284 καί
468 1225 620 1294 Μενέξενον.
639 1228 676 1286 Oi
687 1224 715 1284 δΙ
729 1223 860 1306 προτέραν
874 1230 963 1303 γῆμαι
976 1224 1025 1295 τὴν

248 1313 348 1395 Μυρτώ
365 1335 454 1395 φασιν·
465 1312 529 1372 ἔνιοι
543 1311 571 1372 δέ
589 1314 635 1373 καί
647 1314 797 1394 ἀμφοτέρας
810 1320 884 1392 σχεῖν
903 1315 981 1389 δμῶ,
990 1303 1027 1373 διν

248 1402 302 1460 έστί
313 1400 429 1481 Σάτυρός
443 1423 471 1459 τι
493 1399 539 1459 καί
550 1398 707 1480 Ἱερώνυμος
727 1399 867 1469 δῬάδιος.
882 1400 959 1462 Φασὶ
975 1400 1028 1482 γδρ

248 1488 421 1566 βουληθέντας
431 1486 581 1559 Ἀθηναίους
590 1487 633 1546 διδι
646 1488 676 1547 τδ
688 1488 853 1568 λειπανδρεῖν
866 1487 1028 1561 συναυξῆσαι

247 1575 278 1634 τὸ
302 1577 419 1648 πλῆθος,
444 1574 609 1655 ψηρίοασθαι
633 1579 728 1653 γαμεῖν
756 1574 805 1652 μίν
835 1573 918 1647 ἀστὴν
945 1575 1026 1651 μίαν,

247 1665 456 1722 παιδοποιεῖσθαι
472 1659 500 1720 δΙ
515 1663 561 1721 καί
575 1662 603 1731 d}
617 1662 722 1742 έτίρας,
744 1662 801 1723 ὅθεν
817 1668 895 1722 τοῦτο
913 1667 1026 1735 ποιῆσαι

251 1751 296 1808 καί
313 1748 473 1830 Σωκράτην.
971 1800 975 1811 .

286 1838 433 1898 Plutarch.
451 1835 512 1898 vit.
531 1838 637 1911 Arist,
660 1860 688 1898 c.
709 1859 745 1911 ²7
769 1860 777 1897 ι
803 1836 954 1915 Δημήτριος
973 1835 998 1895 δ’
1014 1840 1029 1895 δ

250 1922 393 2003 Φαληρεὺς
405 1922 452 1984 καί
465 1921 644 2003 Ἰερώνυμοςδ
657 1924 758 1993 Ῥόδιος
769 1926 815 1984 καί
829 1922 999 2005 Ἀριστόξενος
1014 1927 1029 1982 δ

248 2012 371 2089 μουσικὸς
396 2012 442 2071 καί
457 2010 628 2087 Ἀριστοτέ
635 2015 704 2086 λης,
724 2015 748 2073 sl
768 2013 800 2085 δὴ
819 2013 850 2072 τδ
864 2013 924 2090 περὶ
944 2013 1029 2091 Εὖγε·

248 2099 318 2166 νείας
340 2098 440 2178 βιδλίον
464 2102 490 2159 ίν
510 2100 564 2164 τοῖς
584 2100 699 2177 γνησίοις
714 2099 906 2180 Ἀριστοτέλους
926 2098 1025 2172 θετέον,

247 2190 380 2267 ἱστοροῦσι
404 2185 504 2265 Μυρτὼ
528 2189 686 2267 θυγατριδῆν
710 2186 866 2269 Ἀριστείδου
887 2186 1026 2266 Σωκράτει

248 2277 286 2353 τῷ
312 2276 384 2353 σορῷ
409 2276 582 2351 συνοικῆσαι,
604 2281 715 2352 γυναῖκα
738 2272 786 2351 μέν
810 2274 901 2354 ἑτέραν
922 2273 1029 2353 έχοντι,

250 2360 348 2433 ταύτην
362 2360 384 2417 δ’
396 2359 556 2420 άναλαὸάντι
573 2360 738 2439 χηρεύουσαν
753 2359 796 2420 διδ
810 2361 903 2419 πενίαν
917 2362 964 2420 καί
978 2364 1029 2418 τῶν

249 2447 399 2528 ἀναγκαίων
413 2448 577 2524 ἐνδεομένην.
594 2449 666 2527 Πρὸς
687 2447 735 2526 μίν
749 2441 793 2509 ndu
812 2446 919 2516 τοιίτους
934 2450 1030 2515 Ικανῶς

248 2542 263 2597 δ
279 2536 420 2601 Παναίτιος
432 2538 458 2595 ἐν
474 2538 528 2601 τοῖς
541 2537 602 2615 περὶ
612 2535 770 2617 Σωκράτους
783 2534 944 2616 ἀντείρηκεν.

289 2624 394 2682 Athen.
411 2621 494 2695 thl,
526 2645 556 2702 p.
579 2624 698 2696 556,Ἀ
714 2645 721 2681 :
737 2622 788 2685 Ἐκ
807 2623 903 2684 τούτων
925 2614 968 2683 ndu
993 2647 1031 2690 τις

253 2710 406 2789 ὁρμώμενος
420 2710 550 2792 μέμψαιτ’
574 2710 605 2770 δν
627 2711 686 2779 τοδς
699 2712 876 2793 περιτιθέντας
892 2711 1031 2793 Σωκράτει

250 2800 295 2860 δύο
311 2798 428 2878 γαμετδς
443 2810 590 2879 γυναῖκας,
607 2802 765 2875 Ξανθίππην
784 2801 829 2861 καί
842 2800 891 2874 τὴν
906 2800 1031 2882 Ἀριστεί-

253 2890 296 2946 δου
306 2885 417 2969 Μυρτὼ,
429 2889 459 2948 οὗ
471 2894 516 2948 τοῦ
536 2887 637 2948 δικαίου
658 2888 830 2969 καλουμένου,
840 2890 864 2947 ot
877 2888 966 2970 χρόνοι
978 2888 1029 2968 γδιρ

251 2979 280 3035 οὗ
294 2982 485 3058 συγχωροῦσιν,
497 2977 565 3038 till
577 2983 624 3038 soii
641 2978 729 3060 τρίτου
743 2980 790 3037 α’π*
803 2981 912 3039 ἐκείνου.
925 2978 987 3038 litet
1001 2977 1029 3037 δὲ

252 3064 442 3136 Καλλισθένης.
456 3064 606 3146 Δημήτριος
620 3069 634 3125 δ
648 3067 800 3146 Φαληρεὺς,
814 3066 931 3148 Σάτυρος
945 3072 960 3126 δ
975 3069 1029 3127 ΙΙε-

254 3151 431 3230 ριπατητικὸς,
445 3150 628 3231 Ἀριστόξενος,
652 3144 690 3220 οἷς
710 3155 740 3212 τδ
755 3155 890 3232 ἐνδόσιμον
914 3152 1029 3234 Ἀριστο·Ι

147 3289 149 3292 .
250 3238 326 3310 τελης
346 3237 443 3298 ἔδωκεν
464 3239 573 3320 ἱστορῶν
590 3245 669 3299 τοῦτο
683 3243 710 3298 έν
729 3241 857 3320 τοῖςπερὶ
877 3239 1027 3316 Εθγενείας.

251 3327 285 3385 Ei
307 3324 344 3401 μὴ
371 3326 423 3407 ἄρα
445 3327 681 3408 συγκεχωρημένον
704 3327 773 3389 sard
798 3328 924 3408 ψίριαμα
949 3332 1028 3387 τοῦτο

250 3412 352 3491 ἐγένετο
366 3413 425 3473 τότε
443 3414 485 3473 διὰ
502 3416 596 3474 σπάνιν
614 3413 775 3495 ἀνθρώπων,
787 3412 851 3473 ὥστ’
867 3412 962 3484 ἐξεῖναι
982 3414 1028 3474 καί

251 3502 296 3560 δύο
318 3500 388 3580 ἔχειν
411 3511 535 3583 γυναῖκας
556 3502 600 3561 τὸν
627 3501 784 3582 βουλόμενον
787 3547 847 3565 .....
872 3504 977 3563 ἀντεῖπε
1001 3503 1028 3561 δὲ

250 3599 303 3656 τοῖς
316 3591 421 3668 λέγουσι
435 3591 494 3670 περὶ
509 3594 560 3650 τῶν
574 3591 732 3671 Σωκράτους
741 3594 871 3669 γυναικῶν
885 3591 1028 3659 Παναίτιος

251 3679 386 3743 δῬόδιος.

251 4004 342 4055 nobiles
354 4005 395 4068 qui
407 4018 436 4055 ex
453 4004 494 4055 illo
506 4009 562 4054 sunt
572 4018 658 4068 genere
669 4004 771 4055 oriundi.
784 4008 837 4055 Non
848 4004 937 4054 sutileil
946 4006 1026 4055 autem

225 4102 228 4108 ¹
252 4097 343 4155 patrem
362 4106 417 4143 esse
436 4093 515 4143 vimm
531 4093 705 4158 excellentem,
718 4093 761 4143 sed
782 4093 908 4157 aanuum
933 4092 1027 4156 generis

250 4183 373 4229 auctorem
390 4180 462 4230 talem
475 4180 548 4231 luisse
566 4183 668 4244 oportet.
688 4183 772 4245 iisque
783 4180 847 4230 enim
866 4183 933 4244 pater
945 4193 987 4242 per
1000 4192 1027 4229 ss

251 4265 340 4315 bonum
351 4268 447 4330 genuit,
462 4267 503 4317 sed
520 4268 619 4331 quises
633 4268 675 4318 tali
684 4280 772 4331 genere
782 4270 843 4319 erat.

627 4427 651 4471 l.

177 4561 182 4569 ⁴
282 4574 903 4639 Duasillumisocraternluxoresduxisse.priorem
913 4577 1028 4641 liaullrip·

253 4675 312 4724 pen,
332 4676 362 4712 es
377 4676 424 4726 qna
439 4662 606 4726 Lamproelesn
626 4661 748 4726 genueril3
766 4663 865 4713 alteram
877 4665 1027 4728 llyrtonem,

251 4749 361 4799 Anatidis
372 4749 503 4812 illinsjmtl
523 4749 614 4810 liliam,
628 4762 702 4811 quam
716 4754 741 4801 et
754 4750 809 4801 sine
826 4735 884 4802 dote
895 4752 1027 4816 acceperit,

251 4851 352 4901 sumque
379 4839 425 4902 ipsi
451 4839 638 4903 Sophroniscum
662 4840 869 4902 lteneaenumque
894 4839 1026 4903 pepererit,

251 4926 390 4977 Aristoteles
410 4929 495 4977 auctor
513 4930 558 4978 est.
577 4926 623 4978 atii
642 4929 778 4991 ltyrtonem
794 4926 1026 4987 illumprinsdusis·

251 5028 290 5074 se,
306 5014 413 5065 nonnulli
430 5017 545 5079 utrasque
557 5015 627 5066 οίιαοΙ
640 5015 752 5066 habuisse
763 5014 873 5075 tradunt,
893 5027 923 5064 ex
939 5014 1027 5077 quibus

250 5105 273 5152 et
286 5105 385 5167 Satyrus
397 5103 637 5167 estetilieronyrous
652 5104 769 5155 ltlrodlus.

281 5191 416 5242 Demetrius
433 5190 577 5255 Phalereus,
596 5192 758 5255 Hieronymus
769 5189 891 5253 illuditis,
901 5190 1024 5243 aristoxe-

252 5289 298 5326 nus
311 5280 417 5331 musicos
437 5283 461 5331 et
476 5278 616 5331 Aristoteles
627 5279 662 5342 (si
680 5278 752 5330 modo
772 5278 832 5330 liber
849 5277 880 5331 de
899 5280 1026 5333 Nobilitate

1123 636 1165 695 lle
1178 636 1289 714 duplici
1304 636 1431 694 Socratis
1449 636 1638 694 matrimonio
1657 634 1806 695 uberrima
1814 652 1856 696 est

1079 722 1238 801 disputatio
1250 722 1376 793 Luzacii‚
1389 723 1420 781 in
1437 722 1516 780 libro
1530 727 1793 795 oetionesatucoe,
1802 732 1856 780 sier

1078 813 1115 866 de
1132 808 1251 889 Διγαμία
1265 812 1399 884 Socratis,
1416 808 1509 884 Lugd.
1525 809 1623 868 Batav.
1645 810 1742 886 1809,
1761 812 1814 888 qui
1828 825 1852 869 st

1080 898 1257 975 posteriores
1273 897 1405 957 nominat
1418 897 1577 975 scriptores
1590 897 1668 976 apud
1682 918 1757 976 quos
1768 899 1855 977 hujus

1080 986 1123 1041 rei
1137 984 1246 1043 mentio
1258 984 1332 1042 facta
1345 995 1397 1043 est.

1272 1146 1331 1206 xv.
1354 1148 1461 1224 (uam
1485 1149 1663 1229 unouua.)

1122 1310 1204 1369 Libri
1225 1311 1285 1390 περὶ
1299 1310 1412 1382 Ἡδονῆς
1431 1312 1569 1391 inscripti
1587 1311 1635 1372 bis
1648 1313 1758 1370 mentio
1779 1314 1855 1391 apud

1083 1398 1243 1473 Diogenem
1259 1397 1304 1468 iit,
1317 1398 1443 1476 primum
1459 1398 1535 1457 inter
1551 1398 1683 1474 dialogos
1698 1402 1781 1473 (16),
1798 1421 1855 1477 quo

1082 1486 1857 1565 ΙοοοειαριιδΑποιιγιιιιιιιιιιοιιιίιιειιιτίιδ,τίθεσθε·

1083 1571 1245 1632 maluddiu.
1273 1572 1319 1643 ιθ,
1343 1575 1381 1631 de
1399 1576 1555 1647 Voluptate,
1588 1576 1660 1630 liber
1683 1579 1698 1629 l
1711 1574 1733 1650 l,
1751 1574 1856 1632 deinde

1083 1679 1154 1718 vero
1166 1659 1249 1739 (66),
1259 1657 1311 1717 ubi
1326 1660 1357 1717 in
1374 1660 1439 1721 cod.
1456 1659 1544 1719 Laur.
1559 1659 1621 1737 περί
1639 1656 1757 1721 Ἡδονῶν
1771 1659 1798 1718 α’
1813 1662 1855 1719 le-

1082 1748 1172 1823 gitur.
1188 1745 1223 1806 ln
1234 1747 1365 1823 catalogo
1381 1748 1557 1826 scriptorum
1567 1747 1774 1827 Theophrasti,
1785 1770 1815 1827 p.
1828 1750 1855 1821 5,

1085 1835 1101 1890 5
1114 1833 1191 1913 apud
1206 1834 1328 1895 Usener.
1349 1839 1487 1892 Analecta
1503 1837 1724 1912 Τδαορδνασεαα,
1738 1836 1858 1896 ailertur
1971 1872 1972 1889 ι

1086 1922 1188 1981 titulus
1203 1941 1211 1982 ε
1224 1922 1285 2000 περί
1300 1920 1411 1994 Ἡδονῆς
1421 1925 1457 1987 ὥς
1470 1922 1650 2001 Ἀριστοτέλης
1665 1917 1703 1995 α’,
1719 1938 1748 1982 et
1760 1925 1856 1982 statim

1084 2022 1151 2088 post
1169 2008 1228 2087 περί
1251 2008 1364 2082 Ἡδονῆς
1388 2011 1453 2069 ἄλλο
1477 2011 1513 2071 α’.
1540 2010 1772 2090 Theophrastum
1798 2014 1857 2089 περὶ

1085 2097 1200 2168 Ἡδονῆς
1211 2096 1309 2156 laudat
1317 2098 1471 2157 Athenaeus
1480 2097 1545 2170 xit,
1557 2118 1585 2177 p.
1597 2099 1629 2155 δι
1639 2099 1732 2170 r,Cet
1741 2098 1808 2167 526,
1824 2099 1849 2156 Ι)
1922 2080 1926 2099 ’
1971 2074 1972 2089 Ι

1085 2207 1174 2264 quum
1189 2187 1226 2243 de
1239 2198 1355 2243 auctore
1367 2185 1436 2245 libri
1451 2186 1522 2245 alibi
1534 2187 1663 2262 ambigit,
1677 2185 1724 2257 vt,
1740 2206 1771 2265 p.
1786 2191 1852 2260 273,

1086 2275 1109 2332 C
1124 2297 1132 2331 z
1147 2274 1308 2348 Χαμαιλέων
1325 2276 1340 2331 θ
1354 2275 1482 2342 Ποντικὸς
1493 2276 1519 2332 έν
1532 2278 1571 2355 τῷ
1582 2276 1641 2353 περί
1658 2274 1778 2345 Ἡδονῆς·
1789 2278 1821 2332 τὸ
1834 2278 1857 2333 δ’

1085 2361 1149 2421 αὐτὸ
1165 2359 1266 2439 politior
1280 2360 1326 2418 καί
1347 2364 1383 2428 ὣς
1403 2361 1575 2442 Θεοφράστου
1595 2362 1711 2443 ρέρεται·
1725 2377 1754 2421 et
1777 2363 1857 2436 vtli,
1971 2410 1972 2435 ,

1084 2471 1115 2527 p.
1134 2451 1203 2523 347,
1227 2448 1275 2507 E:
1296 2446 1464 2529 Θεόφραστος
1481 2448 1718 2528 hispaniensis
1739 2454 1779 2531 τῷ
1799 2458 1857 2529 περί
1971 2446 1972 2453 ¹

1084 2538 1205 2609 Ἡδονῆς.
1228 2539 1293 2596 Ι)υο
1309 2537 1402 2613 igitur·
1414 2537 1451 2596 de
1469 2534 1622 2616 Voluptate
1635 2538 1856 2597 libriexstitisse

1086 2625 1236 2697 uidentur,
1251 2644 1375 2704 quorum
1398 2625 1518 2684 alterius
1533 2639 1634 2685 auctor
1656 2628 1720 2686 sive
1739 2627 1858 2684 bristo-

1085 2714 1155 2773 teles
1167 2715 1230 2773 sive
1242 2713 1459 2791 Theophrastus
1473 2713 1642 2786 habebatur,
1657 2714 1777 2772 alterius
1788 2733 1857 2771 veru

1084 2805 1147 2862 sive
1157 2802 1373 2882 Theophrastus
1387 2804 1451 2863 sive
1464 2803 1657 2865 Chamaeleon.

1123 2890 1195 2961 Quae
1217 2904 1378 2968 sequuntur
1400 2890 1559 2968 fragmenta
1578 2893 1614 2952 ad
1634 2893 1746 2953 nullum
1761 2894 1856 2972 aptius

1089 2979 1192 3038 referri
1211 2997 1297 3055 posse
1317 2992 1387 3056 puto
1403 2979 1528 3052 librum,
1548 3001 1634 3059 quam
1656 2981 1693 3039 ad
1710 2981 1857 3057 dialogum

1083 3063 1144 3146 περὶ
1161 3063 1285 3135 Ἡδονῆς.
1299 3063 1454 3125 Philoxeni
1474 3068 1582 3125 dictum
1608 3071 1670 3146 ipse
1689 3068 1857 3127 Aristoteles

1083 3154 1115 3212 in
1132 3152 1230 3213 Ethic.
1248 3151 1361 3212 Nicom.
1380 3150 1435 3226 ΙΙΙ,
1459 3175 1504 3226 ιο,
1522 3175 1553 3229 9,
1570 3155 1673 3231 tangit,
1688 3155 1740 3213 ubi
1755 3156 1793 3213 de
1810 3176 1858 3212 vo·

1084 3242 1194 3320 luptate
1203 3240 1335 3317 loquitur·
1349 3242 1403 3318 (cl.
1416 3239 1510 3301 Ethic.
1522 3242 1659 3315 Eudem.‚
1669 3242 1724 3316 ΙΙΙ,
1740 3264 1771 3317 ο,
1786 3243 1856 3302 Pro·

1083 3327 1186 3401 hiem,
1207 3325 1338 3400 xxviii,
1363 3332 1408 3406 ς),
1430 3329 1619 3407 Sardanapali
1645 3348 1717 3388 vero
1732 3331 1854 3390 mentio-
1971 3359 1972 3370 ι

1085 3435 1151 3474 nem
1187 3415 1406 3494 Theophrastus
1443 3415 1474 3475 in
1508 3413 1625 3493 dialogo
1655 3416 1715 3495 περὶ
1748 3417 1857 3489 Ἡδονῆς

1084 3504 1199 3580 fecerat,
1219 3516 1291 3561 teste
1305 3500 1455 3574 Athenaeo,
1471 3501 1536 3571 xit,
1552 3523 1583 3581 p.
1598 3502 1666 3574 511,
1685 3502 1720 3563 C.
1732 3505 1777 3565 Cf.
1795 3527 1857 3585 quae
1971 3531 1972 3556 ι

1081 3611 1098 3650 e
1117 3590 1234 3666 dialogo
1258 3590 1421 3650 Heraclidis
1437 3591 1554 3650 Pontici
1579 3590 1638 3670 napi
1652 3587 1766 3666 Ἡδονῆς
1781 3594 1856 3673 apud
1971 3593 1972 3606 ³

1082 3678 1206 3737 eundern
1221 3679 1369 3756 leguntur,
1385 3699 1415 3758 p.
1431 3679 1503 3751 διο,
1522 3683 1557 3740 Α.

1707 3877 1859 3891 u—

1082 4002 1144 4052 inter
1155 4016 1282 4066 germanos
1295 4007 1332 4053 est
1351 4004 1484 4055 Aristotelis
1502 4005 1576 4054 libros
1593 4005 1766 4069 roeensmnus)
1779 4009 1858 4070 rayno

1080 4090 1180 4141 tradunt
1195 4090 1305 4140 Aristidis
1320 4104 1351 4141 ex
1370 4092 1418 4141 tilia
1438 4091 1528 4155 neptim
1548 4094 1675 4142 asccrnte
1691 4092 1732 4143 illo
1750 4093 1857 4157 sapiente

1079 4178 1179 4229 domum
1194 4182 1318 4242 acceptam
1332 4178 1460 4229 :habuisse
1469 4179 1566 4242 quidem
1580 4179 1647 4230 illum
1659 4180 1729 4230 aliam
1744 4195 1856 4243 unomen,

1081 4279 1165 4316 renim
1180 4279 1237 4316 eum
1255 4266 1318 4316 banc
1333 4265 1365 4315 ob
1382 4266 1487 4329 inopiam
1506 4265 1603 4316 ridoam
1616 4270 1641 4318 et
1656 4268 1763 4318 omnium
1776 4276 1857 4320 rerum

1080 4366 1179 4416 genam
1195 4354 1321 4418 reoepisse.
1336 4353 1449 4402 edorum
1461 4352 1544 4403 refellit
1558 4353 1611 4404 hoec
1626 4354 1721 4406 abunde
1735 4357 1857 4408 emaum

1082 4439 1107 4489 in
1124 4440 1302 4503 tibrisqoosde
1312 4441 1411 4490 socrate
1421 4439 1528 4503 scripsit.

1112 4532 1155 4580 liis
1167 4531 1252 4593 positis
1268 4543 1315 4579 non
1329 4529 1413 4589 iniuria
1426 4530 1545 4593 quispiam
1561 4535 1646 4595 arguat
1656 4546 1698 4581 eos
1714 4533 1755 4597 qui
1768 4546 1857 4586 usorss

1080 4616 1141 4666 ursas
1163 4620 1285 4667 sonatan
1300 4616 1415 4668 hahuisse
1430 4617 1599 4682 ριοδεδοταοε,
1616 4619 1768 4684 xanthippen
1784 4621 1857 4671 alsni-

1080 4714 1133 4750 τοτα
1153 4704 1179 4751 et
1198 4703 1292 4763 limo,
1314 4701 1441 4766 Aristidis,
1456 4716 1506 4752 non
1525 4708 1684 4767 cognomento
1701 4709 1766 4759 lusti
1782 4708 1856 4759 liliam

1080 4766 1305 4850 (mugnant’snim
1314 4790 1421 4851 tempora
1428 4789 1501 4851 issed
1510 4791 1564 4853 ejus
1573 4792 1617 4856 qui
1627 4792 1659 4842 ab
1669 4796 1794 4846 solertius
1807 4800 1855 4848 est.

1079 4878 1194 4926 auctores
1202 4874 1254 4937 eins
1267 4874 1302 4926 rel
1315 4879 1372 4926 suot
1383 4877 1554 4941 callisthenes,
1568 4880 1703 4930 {temetum
1716 4881 1855 4947 Phalereus,

1078 4965 1178 5026 διαιταν
1198 4963 1385 5027 Peripateticus,
1406 4965 1586 5018 Aristoxenus:
1603 4968 1692 5032 qulbus
1704 4973 1734 5019 ad
1751 4970 1776 5020 id
1796 4973 1855 5022 scri·

1079 5050 1185 5101 bendum
1199 5064 1284 5102 ansam
1302 5051 1370 5103 dedit
1383 5052 1538 5116 aristoteles,
1551 5055 1593 5118 qui
1609 5056 1671 5107 libro
1684 5057 1716 5108 «le
1726 5059 1856 5110 Nobilitate
1971 5117 1972 5122 .

1079 5140 1153 5190 literis
1170 5139 1195 5190 ld
1207 5141 1357 5192 mandarit...
1372 5141 1415 5191 ilis
1429 5142 1470 5205 qui
1481 5141 1512 5193 dc
1519 5142 1613 5193 duabus
1624 5146 1729 5196 Socratis
1738 5147 1856 5200 uxoribus

1079 5231 1237 5295 seripserunt,
1249 5232 1393 5283 contradixit
1407 5233 1526 5284 Panaetius
1537 5234 1650 5285 Rhodios
