3959 5900
803 818 1019 877 PRAEFATlO.
1538 834 1572 872 ιιι

253 951 455 1047 conscripta
476 974 552 1020 esse
565 949 820 1044 comperimus,
841 948 976 1019 uec‘de
996 962 1289 1041 argmnentorum
1308 971 1388 1042 quae
1409 946 1572 1016 tractavit

255 1073 344 1143 inira
357 1074 541 1161 varietate,
558 1070 620 1145 sed
630 1096 743 1167 quum
759 1070 936 1143 scribendi
953 1094 1080 1166 genere
1096 1085 1206 1166 atque
1218 1070 1333 1141 forma
1345 1070 1390 1140 ad
1406 1095 1572 1141 normam
1627 1061 1632 1071 ’

253 1198 519 1267 Socraticorum
544 1210 653 1293 atque
679 1197 835 1289 Platonis
856 1194 1049 1267 accedente
1074 1219 1157 1266 eum
1184 1219 1290 1266 usum
1315 1219 1391 1266 esse
1416 1210 1570 1284 constet,

254 1343 368 1414 quum
378 1333 547 1416 praeterea
557 1333 593 1391 et
601 1317 796 1416 quamdam
811 1320 1068 1391 sententiarum
1078 1319 1114 1388 in
1122 1317 1317 1416 deperditis
1323 1316 1423 1389 libris
1431 1323 1572 1414 exposi-

254 1456 372 1512 tarum
387 1440 627 1514 differentiam
650 1441 919 1539 deprehendere
937 1439 1056 1524 liceat,
1077 1441 1152 1535 jam
1178 1442 1282 1536 quasi
1294 1440 1446 1513 altenrm
1460 1439 1574 1511 habe-

254 1560 373 1635 bimus
392 1564 616 1666 Aristotelem
631 1563 679 1635 ab
693 1589 736 1636 eo
750 1587 859 1660 quem
878 1588 899 1635 e
914 1561 1166 1661 superstitibus
1180 1565 1320 1661 scriptis
1331 1586 1479 1634 noscere
1489 1561 1571 1632 licet
1654 1659 1658 1667 Ι

252 1683 445 1758 diversum.
466 1687 554 1758 lnde
567 1686 702 1761 sactum
716 1701 770 1756 est
784 1697 824 1756 ut
841 1685 953 1756 multa
968 1684 1060 1757 male
1078 1709 1316 1782 perverseque
1330 1685 1375 1757 de
1389 1684 1573 1756 Aristotele

252 1808 403 1904 ejusque
422 1811 562 1908 scriptis
581 1811 617 1880 in
634 1809 762 1905 vulgus
775 1807 915 1905 prolata
932 1809 1016 1899 sint,
1041 1807 1090 1879 ob
1109 1808 1380 1907 deperditorum
1395 1809 1473 1904 ejus
1490 1809 1574 1879 scri·

254 1944 398 2026 ptorum
415 1932 666 2027 ignorantiam.
680 1932 787 2020 Quod
798 1934 826 2002 si
837 1932 1035 2029 prasertim
1049 1931 1327 2028 fragmentorum
1339 1948 1573 2030 quotcunque

250 2074 294 2124 ex
316 2055 359 2124 iis
374 2064 513 2127 servata
539 2071 624 2126 sunt
640 2055 891 2127 collectionem
920 2055 1030 2152 paulo
1056 2055 1328 2153 locupletiorem
1346 2070 1428 2127 ante
1449 2054 1574 2126 oculos

254 2172 473 2261 habuissent,
491 2176 555 2275 qui
568 2175 753 2247 Strabonis
765 2191 802 2247 et
820 2176 1001 2247 Plutarchi
1018 2176 1139 2267 fidem,
1164 2180 1200 2248 in
1219 2178 1262 2248 iis
1279 2203 1360 2274 quae
1374 2177 1420 2250 de
1440 2178 1576 2250 Aristo·¹

252 2298 331 2367 telis
343 2276 517 2371 libroruin
532 2315 613 2398 post
631 2300 709 2395 ejus
731 2316 883 2372 mortem
903 2299 1048 2372 fortuna
1073 2316 1232 2390 narrant,
1257 2301 1397 2373 elevare
1422 2303 1571 2397 aggressi

194 2410 196 2414 ’
252 2438 333 2494 sunt
347 2424 412 2519 (ι),
428 2423 543 2494 lenius
554 2424 703 2495 fortasse
714 2422 759 2495 de
772 2423 888 2495 haere
899 2426 1116 2514 statuissent.
1131 2430 1184 2496 De
1197 2450 1268 2522 qua
1284 2441 1402 2496 tamen
1416 2424 1575 2497 refusius

251 2546 435 2642 disputare
450 2572 525 2617 non
539 2546 649 2641 hujus
662 2561 715 2618 est
734 2547 817 2636 loci,
835 2546 898 2618 sed
914 2547 959 2619 de
974 2548 1042 2619 illis
1053 2549 1176 2645 potius
1189 2547 1385 2620 videndum
1401 2551 1468 2619 erit
1480 2572 1573 2642 quo-

252 2693 335 2739 rnm
356 2693 443 2740 cura
461 2670 497 2739 in
516 2667 723 2766 deperditos
740 2668 935 2741 Aristotelis
953 2670 1064 2741 libros
1088 2670 1220 2741 collata
1237 2669 1431 2742 notabilior
1447 2670 1525 2740 suit.

299 2790 492 2862 Utilitatem
515 2790 560 2863 de
583 2815 654 2887 qua
678 2791 750 2861 dixi
762 2792 1035 2891 perspiciendo,
1050 2792 1141 2864 bene
1166 2793 1212 2864 de
1234 2794 1419 2865 Aristotele
1443 2793 1573 2863 meruit

252 2915 479 3009 gravissimus
510 2914 718 3014 philosophi
749 2916 953 3003 insectator,
982 2917 1189 2988 Franciscus
1219 2918 1400 2988 Patricius.
1420 2921 1471 2987 De
1503 2914 1573 2986 hoc

249 3040 346 3112 enim
360 3039 452 3128 viro,
468 3040 505 3110 in
523 3064 633 3135 quem
653 3040 757 3111 multi
781 3055 930 3138 propter
957 3041 1219 3137 iniquissimum
1241 3040 1367 3112 odium
1387 3065 1462 3137 quo
1491 3065 1572 3134 erga

251 3161 476 3234 Aristotelem
495 3161 679 3256 flagrabat,
701 3188 767 3233 suo
786 3162 946 3259 quodam
966 3162 1048 3257 jure
1073 3165 1203 3235 invecti
1226 3179 1321 3251 sunt,
1348 3164 1570 3234 verissimum

251 3308 327 3356 esse
340 3298 430 3382 puto
442 3283 617 3378 judicium
634 3284 781 3355 Jordani
795 3287 844 3355 ita
863 3285 1015 3357 dicentis
1036 3288 1072 3356 in
1094 3285 1188 3357 libro
1207 3287 1422 3357 Becherches
1440 3311 1503 3355 sur
1522 3287 1582 3371 les

251 3407 467 3480 traductrbns
484 3407 614 3477 lntines
642 3406 842 3498 d’Arirtote,
866 3432 903 3504 p.
928 3431 1012 3499 ano,
1040 3409 1099 3481 ed.
1120 3410 1182 3481 alt.
1205 3436 1213 3479 :
1236 3415 1352 3480 «Esse
1380 3409 1570 3480 Patricium

252 3530 345 3600 inter
367 3532 682 3628 praestantissimos
704 3531 823 3602 saectdi
844 3536 920 3622 llll]
938 3546 1103 3604 auctores
1126 3548 1161 3605 et
1185 3533 1424 3605 literariarurn
1450 3555 1570 3601 rerum

251 3651 410 3724 historiae
430 3666 466 3724 et
487 3653 724 3750 philosophiae
747 3653 975 3724 Aristotelicas
996 3657 1159 3752 apprime
1175 3680 1344 3750 gnarum,
1369 3654 1472 3748 cujus
1490 3655 1570 3723 Dis-

250 3775 432 3847 cussiones
445 3776 686 3872 Peripateticae
704 3799 844 3862 eorum,
865 3778 929 3871 qui
948 3792 1031 3873 post
1053 3778 1170 3874 ipsum
1192 3778 1238 3847 de
1260 3777 1446 3847 Aristotele
1459 3775 1571 3870 scrip-

251 3902 391 3985 sissent,
412 3896 592 3993 plerisque
606 3893 785 3966 scribendi
800 3898 983 3967 materiam
999 3897 1296 3995 suppeditassent.
1318 3928 1334 3961 a
1354 3895 1462 3985 Quod
1476 3894 1571 3965 etde

288 4132 329 4212 (r)
354 4135 397 4193 lle
411 4134 532 4194 veritate
539 4152 640 4194 aonam
653 4153 717 4211 quae
730 4155 747 4194 a
760 4134 902 4194 Strabone
915 4133 936 4194 l.
946 4135 1021 4205 Xlll,
1036 4154 1067 4212 p.
1077 4133 1145 4202 608,
1161 4145 1190 4190 et
1201 4132 1355 4192 Plutarcho
1368 4132 1399 4189 in
1411 4130 1475 4190 vita
1487 4132 1571 4207 Syllae

248 4252 276 4291 c.
289 4234 337 4302 ati,
353 4243 468 4290 narrata
482 4243 557 4302 sunt,
570 4228 707 4310 majorem
722 4244 833 4310 partem
847 4229 1019 4309 scriptorum
1032 4229 1190 4288 Aristotelis
1202 4242 1232 4288 et
1242 4226 1431 4307 Theophrasti
1441 4229 1478 4286 ad
1487 4228 1570 4303 Syllae

248 4347 339 4408 nsque
351 4340 483 4405 tempora
495 4325 656 4398 delituisse,
673 4327 783 4406 primus
802 4325 947 4386 dubitarit
965 4340 1075 4396 auctor,
1093 4324 1221 4404 quisquis
1240 4325 1289 4384 ille
1307 4325 1374 4396 luit,
1395 4323 1508 4383 libelli:
1530 4330 1570 4382 les

248 4430 398 4483 Amenltez
416 4427 453 4481 de
471 4427 502 4480 la
518 4430 654 4499 critique,
677 4445 713 4482 ou
725 4430 928 4483 Dissertations
940 4436 970 4480 et
981 4429 1153 4499 hemorques
1164 4427 1300 4480 nouvelles
1312 4443 1361 4479 sur
1373 4426 1464 4478 divers
1472 4429 1570 4497 points

248 4524 286 4578 de
297 4524 459 4597 l'antr‘quitd
470 4524 679 4596 ecclesiastieae
691 4536 720 4579 et
729 4523 856 4597 profane
862 4563 874 4593 ,
889 4520 984 4591 Paris,
1001 4522 1070 4581 chez
1083 4520 1231 4579 Florentio
1243 4521 1398 4588 Delaulne,
1420 4540 1491 4594 ¹7¹7
1505 4544 1512 4588 ;
1528 4520 1566 4578 cf.

248 4621 371 4676 Journal
380 4620 431 4675 des
443 4620 565 4676 Savarias
571 4659 582 4688 ,
600 4619 691 4677 annde
709 4640 793 4694 1717,
809 4630 831 4676 t.
847 4618 924 4688 th,
942 4637 974 4695 p.
989 4618 1046 4676 655
1062 4637 1085 4675 s.
1109 4617 1235 4676 Similem
1255 4615 1424 4674 sententiam
1444 4615 1569 4692 amplexi

181 4766 187 4776 .
249 4727 315 4774 sunt
329 4713 466 4784 Brundis,
485 4715 577 4775 Ueber
589 4716 636 4771 die
649 4716 810 4775 Schicksale
823 4716 876 4770 der
888 4715 1122 4772 Aristotelirclten
1136 4714 1282 4787 Schrrjten
1289 4757 1299 4784 ,
1321 4713 1350 4771 in
1370 4712 1472 4771 Mein.
1487 4716 1565 4771 Mus.

249 4823 271 4870 t.
288 4812 315 4882 l,
336 4832 365 4890 p.
384 4812 441 4870 236
455 4831 501 4881 ss,
520 4811 577 4888 259
591 4830 648 4884 ss.;
666 4812 760 4881 Stahr,
776 4814 959 4881 Aristotelia,
979 4810 1077 4884 Halle,
1096 4810 1186 4880 1832,
1203 4822 1225 4870 t.
1241 4811 1282 4880 ll,
1298 4830 1328 4887 p.
1346 4809 1414 4880 511,
1430 4806 1568 4884 multique

250 4906 308 4967 alii.
1162 4934 1164 4937 >
