3959 5900
171 813 269 939 oa
316 805 694 937 rapturus
736 806 1146 937 alanorum
1190 809 1689 945 lrtsroraus
1736 760 1738 765 ’

554 1103 859 1199 aonunoua
897 1081 1487 1237 aucrorurlrngg,5253
1553 1128 1638 1240 ·:':·;³

784 1337 1064 1375 —4—

851 1403 860 1422 ο

166 1553 262 1625 Quum
289 1547 346 1607 tria
372 1547 433 1606 sint
456 1546 578 1605 omnino
599 1545 832 1604 testimoniorum
852 1563 903 1619 ge·
960 1544 1067 1604 deinde
1080 1547 1205 1623 singulis
1216 1547 1309 1608 titulis
1326 1551 1453 1629 appositi
1467 1570 1569 1609 eorum
1583 1553 1687 1611 seriem
1701 1556 1734 1613 in

126 1654 248 1708 nera,e
271 1633 379 1714 quibus
400 1630 618 1713 deperditorum
641 1632 805 1692 Aristotelis
826 1631 900 1690 seri·
961 1635 1069 1705 altero,
1085 1634 1136 1711 qui
1161 1634 1309 1713 Anonymi
1323 1650 1456 1709 vocatur,
1472 1638 1570 1698 indice
1583 1639 1732 1700 declarant

126 1737 245 1803 plorum
268 1721 400 1781 notitiam
426 1722 545 1780 haurire
570 1720 675 1789 liceat,
702 1740 765 1798 quae
791 1718 828 1777 de
853 1718 899 1777 his
941 1733 994 1778 ·ut
1013 1720 1127 1781 facilius
1146 1721 1215 1782 iude
1234 1724 1429 1802 perspiciatur
1448 1725 1520 1802 quid
1540 1725 1658 1801 utrique
1678 1747 1734 1804 pe·

128 1811 206 1892 apud
239 1812 334 1891 ipsum
358 1808 566 1889 philosophum
606 1808 757 1884 leguntur,
795 1805 901 1865 tabulas
960 1808 1070 1867 culiare
1099 1809 1146 1871 sit.
1190 1813 1337 1870 Asterisco
1361 1826 1456 1869 autem
1482 1813 1523 1870 ita
1547 1814 1592 1871 usi
1618 1832 1734 1887 suurns,

126 1900 233 1960 deiude
247 1898 393 1958 librorum
410 1896 514 1974 quiin
529 1896 702 1974 antiquitate
716 1894 772 1954 sub
788 1894 901 1954 Aristo·
962 1907 995 1953 ut
1012 1895 1100 1955 semel
1123 1895 1239 1956 additus
1254 1897 1322 1956 illos
1340 1898 1506 1975 designaret
1519 1899 1636 1971 titulus,
1658 1920 1730 1978 quo

128 1988 194 2047 telis
213 1986 332 2045 nomine
354 1983 589 2064 perforabantur,
606 1998 755 2063 postremo
779 1987 863 2043 traria
884 2006 901 2043 o
961 2003 1026 2042 rum
1051 1983 1162 2043 mentio
1182 1985 1254 2044 alibi
1281 2006 1398 2064 quoque
1422 1988 1565 2059 occurrit,
1593 1990 1736 2066 repetitus

127 2077 288 2157 deperditis
297 2076 382 2133 libris
394 2074 458 2151 ejus
468 2074 642 2151 fragmenta,
654 2093 707 2151 per
717 2074 897 2135 occasionem
960 2090 1047 2143 vero,
1066 2073 1118 2150 qui
1133 2072 1170 2131 ad
1184 2075 1356 2151 superstites
1370 2075 1540 2155 philosophi
1555 2075 1648 2134 libros
1666 2096 1733 2155 per·

130 2164 168 2223 ab
192 2162 321 2240 antiquis
340 2160 537 2238 scriptoribus
557 2160 661 2232 allata,
677 2161 903 2235 quaestionema
962 2157 1056 2218 tinere
1081 2158 1234 2231 ridentum
1262 2164 1340 2220 iuter
1356 2163 1501 2223 cancellos
1520 2183 1593 2223 vero
1616 2165 1732 2242 positus
1760 2194 1764 2199 ·

130 2252 239 2311 tabulis
249 2249 449 2328 incipiendam
462 2248 618 2320 duximus,
630 2265 703 2325 quas
716 2248 844 2326 primum
858 2247 904 2306 in·
961 2246 1116 2306 asteriscus
1129 2246 1169 2326 (Ἴ
1182 2246 1254 2306 tales
1268 2248 1378 2307 indicat
1392 2250 1498 2324 libros,
1516 2250 1655 2328 equibus
1676 2253 1731 2311 etsi

127 2354 222 2414 tegras
236 2356 425 2417 apponemus,
441 2335 478 2393 de
492 2334 677 2411 singularum
693 2347 795 2406 aetate,
809 2334 900 2393 ratio·
962 2352 1021 2391 non
1035 2333 1237 2404 nominantur,
1253 2334 1411 2410 lragmenta
1426 2350 1520 2396 tamen
1534 2336 1656 2396 sortasse
1669 2357 1732 2396 ser·

130 2423 234 2497 nibus,
251 2426 438 2494 auctoritate,
460 2442 547 2500 quam
567 2421 741 2481 brevissime
765 2422 899 2501 disputa·
960 2432 1026 2478 vata
1039 2434 1115 2481 sunt.
1130 2423 1283 2498 Duplicem
1296 2423 1424 2501 denique
1437 2424 1574 2483 cancellis
1586 2425 1731 2484 inclusum

128 2515 200 2574 turi.
960 2506 1017 2587 (Ἥ
1043 2509 1104 2569 ἱΙΙὶε
1118 2510 1309 2588 apposuimus
1324 2512 1437 2583 titulis,
1454 2513 1491 2571 de
1508 2511 1616 2591 quibus
1636 2515 1734 2573 urinus

169 2606 248 2660 Inter
266 2600 353 2659 hosce
374 2618 445 2657 sero
459 2599 571 2658 indices
594 2610 627 2657 ut
649 2599 903 2677 antiquissimum,
961 2609 1072 2655 certum
1097 2612 1159 2673 est,
1184 2618 1220 2657 an
1252 2599 1287 2657 ad
1315 2601 1488 2678 superstites
1512 2599 1608 2659 libros
1628 2600 1732 2660 referri

130 2692 171 2748 ita
187 2701 216 2747 et
236 2687 323 2762 longe
345 2686 619 2765 praestantissimum
640 2704 706 2745 eum
728 2703 792 2744 esse
812 2704 898 2762 quem
960 2682 1095 2746 debeant.

129 2777 275 2854 Diogenes
288 2774 421 2833 Laertius
435 2774 467 2833 in
477 2775 537 2833 rita
552 2771 722 2853 philosophi
737 2774 901 2851 exscripsit,
1000 2770 1033 2828 ln
1061 2771 1224 2832 scribendis
1247 2774 1386 2850 Diogenis
1400 2775 1508 2834 Laertii
1524 2774 1623 2834 verbis
1642 2777 1734 2834 secuti

129 2864 276 2922 nerninem
302 2861 401 2938 lugere
425 2862 545 2939 poterit.
588 2858 711 2920 Causam
740 2858 779 2920 ob
812 2880 899 2938 quarn
961 2878 1063 2918 sumus
1086 2862 1300 2934 recensionem,
1324 2883 1410 2940 quam
1435 2876 1500 2942 post
1518 2862 1678 2935 coretum,
1696 2884 1732 2922 ex

130 2951 208 3010 hunc
220 2949 366 3027 integrum
382 2949 567 3028 apposuerit,
582 2947 642 3008 illis
661 2961 771 3007 tantum
787 2949 902 3008 omissis
957 2947 1230 3026 antiquissimorum
1252 2951 1336 3011 codd.
1350 2957 1450 3025 baur„
1470 2953 1572 3025 blare,
1593 2954 1736 3013 aliorum,

129 3038 216 3098 libris
228 3036 264 3097 de
279 3036 387 3115 quibus
402 3038 598 3114 ambigeretur
612 3037 667 3117 (cl.
680 3036 716 3108 V,
737 3038 773 3105 34
792 3058 799 3094 τ
815 3038 901 3109 Δῆλον
958 3053 1016 3111 quc
1028 3036 1221 3095 recentiorum
1240 3038 1397 3098 collatione
1408 3040 1535 3098 instituit
1560 3040 1676 3099 Rosius.
1689 3041 1732 3100 ct.

128 3124 159 3180 ἐκ
172 3124 224 3178 τῶν
237 3132 479 3199 spots-{papulam
493 3126 724 3201 συγγραμμάτων,
740 3121 817 3184 debr
831 3123 903 3201 άριθ·
957 3120 1024 3198 ejus
1046 3128 1206 3181 Aristoteles
1226 3129 1502 3204 Pseudepigraplrus.
1529 3127 1611 3207 Lips.
1642 3130 1731 3200 1863,

129 3206 344 3286 perinisisti
362 3210 414 3267 τῶν
433 3209 625 3287 τετρακοσίων,
644 3211 679 3270 τά
696 3208 747 3272 ὅσα
763 3233 795 3290 γε
812 3210 900 3285 ἄναγε·
959 3231 988 3289 p.
1014 3232 1062 3270 rt.

128 3296 351 3375 putazatnpss
374 3295 454 3356 hisce
478 3297 637 3357 declaravit
660 3297 762 3358 verbis
783 3297 818 3368 ll,
835 3319 899 3357 ιιι

128 3382 280 3464 Συνάγραψε
292 3382 321 3442 di
338 3383 368 3464 (d
381 3383 578 3464 Ἀριστατάλης)
597 3384 770 3462 πάμπλειστα
793 3384 897 3470 peciit,
1044 3379 1054 3458 (
1064 3380 1241 3442 ΔΙΑΛΟΓΟΙ
1264 3382 1329 3443 ΚΑΙ
1350 3384 1637 3462 ΠΑΡΑΙΝΕΣΕΙΣ.)

128 3469 197 3550 άπερ
215 3472 356 3530 ἀκόλουθον
369 3471 514 3551 ἡγησάμην
535 3472 689 3554 ὑπογράψαι
702 3469 747 3530 td
767 3471 815 3543 nia
837 3472 898 3551 trapi

128 3558 228 3627 πάντας
238 3557 332 3637 λόγους
344 3559 453 3638 τάνδρὸς
467 3559 575 3641 ἀραιήν.
616 3561 708 3620 Sedsi
721 3559 829 3637 dignus
838 3574 898 3634 est,
1016 3553 1030 3580 ‘
1046 3555 1111 3636 Περὶ
1125 3555 1312 3628 Δικαιοσύνης,
1328 3557 1365 3631 α’,
1382 3557 1418 3638 β’,
1430 3558 1465 3638 γ’,
1480 3559 1514 3618 δ’.
1530 3562 1560 3636 (t)

127 3647 179 3723 qui
205 3649 244 3704 ob
271 3647 355 3705 talem
371 3666 470 3705 euram
487 3646 556 3724 jure
575 3648 711 3708 laudetur
736 3648 898 3725 Diogenes,
1017 3643 1031 3668 '
1051 3641 1117 3723 Περὶ
1130 3644 1273 3720 Ποιητῶν,
1286 3644 1322 3717 α’,
1338 3649 1378 3723 β’,
1392 3644 1428 3723 γ’.
1445 3645 1480 3723 (ι)

130 3733 235 3792 melius
251 3733 337 3791 etiam
353 3731 389 3792 de
401 3731 486 3792 nobis
498 3736 655 3794 meriturus
670 3734 789 3806 luisset,
804 3737 830 3794 si
845 3735 901 3793 sin·
1017 3731 1031 3756 '
1046 3730 1111 3806 [ispi
1123 3730 1301 3806 Φιλοσοφίας,
1313 3731 1352 3802 α’,
1369 3733 1403 3809 β’,
1415 3732 1453 3810 γ’.
1467 3735 1500 3806 (ο)

127 3822 197 3898 gula
212 3818 358 3878 librorum
375 3839 495 3898 genera,
510 3821 591 3898 quod
605 3822 677 3881 alias
700 3820 793 3880 lacere
825 3842 901 3881 con-
1018 3817 1053 3894 (Ἴ
1075 3819 1218 3878 Πολιτικοῦ
1239 3817 1275 3890 α’,
1292 3818 1328 3894 β’.
1347 3820 1382 3894 (ι)

129 3907 244 3978 suerit,
273 3907 349 3966 inter
373 3925 405 3966 se
429 3907 623 3967 distinxisset.
678 3906 764 3977 Quod
807 3920 901 3967 tamen
981 3904 1029 3961 ι’
1051 3903 1119 3981 Περὶ
1133 3901 1322 3984 Ῥητοριιιῆςῆ
1339 3902 1514 3982 tutarer.
1529 3903 1561 3984 (a)

132 4014 223 4073 quum
247 4013 263 4052 a
279 3994 377 4073 primo
391 3992 545 4054 conditore
561 3993 647 4071 hujus
667 3994 773 4053 rabula
798 3994 902 4054 lactum
1022 3992 1056 4066 Γ)
1074 3990 1217 4068 Νήρινθος,
1233 3990 1269 4051 α’.
1290 3993 1322 4065 (α)

131 4102 211 4154 esse,
223 4083 294 4142 satis
306 4081 459 4141 manifesta
472 4081 670 4141 demonstrent
684 4081 812 4154 iudicia,
823 4083 903 4141 ordi·
1019 4079 1033 4102 '
1047 4077 1195 4157 Σοφιστὴς,
1205 4078 1243 4137 α’.
1259 4077 1291 4157 (a)

130 4190 196 4230 nem
209 4191 295 4250 quem
308 4171 359 4230 ille
371 4171 402 4230 in
417 4169 603 4230 recensendis
617 4170 801 4248 singulorum
813 4170 905 4230 libro·
1021 4166 1175 4238 Μενάξενος,
1189 4164 1227 4227 α’.
1243 4167 1289 4246 (m)

132 4279 198 4318 ram
214 4260 307 4320 titulis
323 4258 546 4332 observaverit,
557 4259 653 4336 quoad
667 4258 853 4336 conjiciendo
869 4259 905 4319 li·
1019 4255 1033 4278 '
1047 4255 1204 4336 Ἐρωτικὸς,
1220 4255 1258 4316 α’.
1272 4256 1321 4331 trs)

131 4360 194 4419 cet,
209 4347 339 4407 indicare
353 4346 451 4405 eonati
465 4365 584 4416 sumus,
597 4344 696 4404 eadem
711 4345 757 4404 usi
768 4343 906 4404 distribu·
979 4365 1004 4402 m
1024 4347 1037 4370 ’
1055 4343 1224 4420 Συμπόσιον,
1237 4344 1276 4404 α’.

133 4435 214 4494 tione
226 4455 312 4513 quam
325 4434 412 4512 plane
430 4428 540 4493 similes
554 4435 631 4512 apud
644 4434 804 4509 Diogenem
818 4432 906 4492 Laer-
1024 4434 1057 4506 ι’)
1075 4431 1140 4511 Περὶ
1158 4431 1293 4507 madero,
1305 4429 1342 4489 α’.
1359 4429 1394 4509 (t)

132 4523 206 4582 tium
221 4523 277 4600 (el.
292 4523 328 4595 t,
345 4524 395 4594 80,
412 4523 468 4599 86)
482 4522 596 4581 indices
607 4521 747 4599 praebent.
787 4521 905 4581 Numeri
1023 4521 1036 4546 '
1054 4519 1268 4601 Προτρεπτικὸς,
1286 4516 1322 4581 α’.
1336 4519 1383 4600 (ιι)

268 4769 411 4824 tutatoot
429 4768 469 4817 ur
486 4768 771 4829 exuonrartonus.)
1023 4738 1170 4890 mppr,
1179 4740 1198 4788 ¹·

194 4915 231 4962 bs
239 4912 349 4974 lustitia,
360 4916 379 4974 l,
388 4914 420 4974 tt,
433 4914 478 4974 ΙΙΙ,
490 4914 532 4962 lv·
1025 4916 1189 4974 Menexenus,
1204 4914 1223 4962 l.

196 5002 231 5050 Dr
246 5000 338 5061 Poetis,
352 5002 372 5060 l,
387 5002 417 5061 ll,
428 5002 472 5050 ΙΙΙ.
1024 5000 1171 5060 amatorias,
1186 5002 1205 5050 l.

194 5089 232 5137 De
247 5086 410 5150 Philosophia,
420 5090 441 5149 l,
450 5090 483 5149 ll,
496 5089 538 5137 nt.
979 5093 1008 5138 lt)
1022 5088 1178 5148 comitium,
1196 5088 1218 5138 1.

197 5172 288 5224 Polltlel
297 5175 319 5234 l,
331 5175 365 5226 ll.
1023 5175 1214 5236 Deltlritiis,1.

166 5262 233 5313 aba
244 5259 371 5311 lthetorlca
385 5261 436 5313 sits
447 5262 589 5327 Gryllum.
699 5307 705 5318 ,
1023 5264 1253 5325 Cohortstorius,l.

220 5357 386 5396 ursrorrns.
397 5355 452 5392 sot.
466 5355 498 5393 rr.
