3959 5900
434 811 463 849 ιι
980 810 1197 875 Paestum.

433 925 511 1021 ipso
529 927 741 1002 casaubono
756 933 863 1027 valet,
890 940 954 1034 qui
968 966 1082 1037 quum
1098 944 1237 1017 acerbis
1258 949 1377 1021 verbis
1405 978 1549 1051 operam
1577 982 1686 1054 quam
1716 961 1751 1029 iu

430 1047 637 1145 colligendis
649 1053 922 1151 deperditorum
934 1061 1141 1164 philosophi
1154 1068 1331 1142 librorum
1343 1075 1502 1173 reliquiis
1515 1081 1752 1153 collocaverat

432 1174 604 1244 Patricius
625 1180 887 1272 perstrinxisset
908 1184 975 1280 (t),
1001 1188 1094 1260 ultra
1118 1214 1197 1263 eam
1216 1192 1316 1281 baud
1339 1223 1559 1296 progressus,
1587 1204 1647 1275 illa
1672 1220 1751 1276 tan·

432 1297 620 1369 tummodo
634 1300 831 1397 fragmenta
845 1330 917 1378 suae
932 1309 1079 1383 editioni
1101 1313 1298 1410 subjunxit,
1316 1346 1398 1418 quae
1418 1324 1552 1419 majore
1571 1326 1753 1429 diligentia

429 1442 538 1514 quam
548 1445 561 1515 J
567 1422 685 1495 udicio
700 1427 736 1498 in
752 1431 1039 1505 Dracussiom'bus
1052 1440 1298 1535 Peripateticis·
1311 1444 1459 1517 collecta
1477 1464 1593 1527 erant.
1615 1461 1752 1526 Horum

429 1539 710 1640 fragmentorum
732 1550 885 1653 farrago,
907 1582 1063 1657 quorum
1092 1586 1264 1639 numerus
1291 1573 1344 1642 LX
1374 1597 1448 1643 non
1467 1574 1617 1664 excedit,
1637 1598 1753 1671 quum

429 1668 583 1763 amplius
597 1675 658 1743 DC
680 1674 756 1747 haec
774 1695 897 1752 nostra
912 1684 1077 1758 collectio
1091 1688 1264 1785 praebeat,
1285 1694 1320 1762 in
1339 1694 1509 1766 omnibus
1524 1721 1605 1793 quae
1624 1710 1755 1769 secute

428 1806 511 1861 sunt
530 1796 727 1869 Aristotelis
741 1824 895 1898 operum
909 1805 1128 1881 editionibus
1142 1813 1315 1909 usquead
1328 1817 1576 1889 Duvallianam
1590 1819 1753 1891 ultimam

428 1937 461 1983 a.
496 1916 584 2004 rost
609 1925 757 2019 repetita
789 1942 856 1999 est.
885 1934 969 2001 Post
1000 1931 1157 2004 duorum
1188 1936 1263 2007 sere
1285 1939 1497 2011 saeculorum
1526 1942 1754 2013 intervallum

427 2039 567 2133 primus
586 2048 821 2139 questionem
847 2051 894 2123 de
926 2054 1122 2127 Aristotelis
1150 2058 1251 2130 libris
1278 2059 1474 2158 deperditis
1501 2064 1755 2160 redintegravit

428 2159 590 2254 Buhlius,
616 2167 652 2236 in
678 2167 1012 2246 dissertationibus:
1030 2177 1073 2248 de
1090 2182 1293 2252 Aristotelis
1320 2184 1487 2256 librorum
1499 2190 1565 2284 qui
1584 2188 1692 2285 vulpi
1717 2190 1755 2256 in

427 2279 616 2379 deperditis
637 2308 870 2364 memorantur
892 2295 943 2364 od
969 2296 1079 2370 libros
1095 2308 1298 2397 superstites
1328 2308 1537 2396 rationibus,
1561 2309 1692 2378 inserta
1716 2310 1754 2379 in

428 2408 675 2480 commentatt.
693 2412 777 2486 hr'st.
800 2434 836 2487 et
843 2417 976 2513 philos.
994 2422 1108 2494 Acad.
1133 2430 1300 2526 Gotting„
1321 2445 1348 2501 t.
1371 2436 1446 2518 XV,
1465 2447 1500 2502 ct
1518 2430 1563 2500 de
1578 2433 1754 2504 Distribu-

427 2528 521 2598 tione
538 2535 737 2607 Aristotelis
748 2536 916 2611 librorum
928 2546 969 2613 in
982 2551 1180 2619 exotericos
1193 2566 1228 2620 et
1252 2557 1506 2625 armentaticus
1527 2555 1672 2650 qusque
1687 2580 1756 2624 ra-

426 2652 580 2723 tionibus
594 2672 630 2725 et
646 2665 776 2748 comm,
797 2664 975 2761 Gotting,
999 2670 1102 2763 1786,
1119 2676 1270 2768 repetita
1305 2677 1341 2745 in
1370 2676 1569 2747 Aristotelis
1597 2700 1754 2774 operum

427 2756 619 2848 editionea
638 2780 767 2853 Bublio
786 2784 967 2879 inchoata,
985 2791 1120 2885 quibus
1134 2794 1238 2890 plura
1253 2810 1374 2867 tamen
1389 2795 1544 2868 turbavit
1571 2822 1682 2894 quam
1707 2799 1755 2869 ad

426 2893 605 2992 liquidum
624 2903 804 2999 perduxit.
826 2909 989 2983 Feliciori
1000 2912 1075 3008 jam
1094 2939 1260 2989 successu
1271 2932 1411 3016 partem
1426 2921 1634 3016 questionis
1648 2922 1755 2995 illus·

429 3023 535 3093 travit
553 3026 769 3122 Brundisius,
794 3056 814 3104 e
835 3035 940 3130 cujus
958 3036 1135 3110 indefesso
1152 3039 1276 3114 labore
1300 3057 1354 3114 tot
1371 3057 1496 3140 postea
1515 3043 1619 3114 bonae
1641 3046 1757 3142 bargis

425 3143 463 3212 in
494 3145 717 3221 Aristotelem
745 3153 976 3247 redundavit,
1000 3161 1037 3230 in
1060 3159 1313 3235 dissertatione
1337 3188 1400 3235 sua
1430 3166 1630 3258 inaugurali
1661 3193 1670 3235 z
1699 3175 1757 3240 De

422 3263 574 3357 perditis
596 3274 799 3345 Aristotelis
826 3277 929 3350 libris
955 3280 999 3352 de
1027 3282 1130 3353 Idet's
1152 3301 1186 3355 et
1214 3286 1258 3356 de
1280 3294 1378 3357 Bono
1401 3290 1473 3357 sive
1499 3288 1752 3385 Philosophia,

429 3391 570 3478 Bonna,
593 3416 627 3462 a.
655 3395 744 3466 1823
765 3397 874 3470 edita.
902 3403 1163 3477 Historicorum
1179 3407 1311 3480 deiude
1332 3407 1507 3479 librorum
1526 3408 1753 3503 fragmenta,

424 3524 509 3606 post
525 3515 610 3583 satis
639 3514 753 3588 levem
773 3524 976 3592 Neumanni
999 3549 1138 3617 curam,
1162 3528 1362 3599 Aristoteles
1379 3534 1508 3597 Rerum
1525 3529 1756 3622 pttblt'corum

424 3632 595 3729 reliquiar,
614 3637 795 3731 Heidelb.,
817 3646 922 3739 1829,
938 3645 984 3722 cf.
1004 3651 1208 3719 Aristotelis
1216 3650 1261 3721 de
1277 3648 1463 3744 Republica
1475 3649 1756 3726 Atheniensium

462 3822 507 3902 (ι)
527 3825 597 3907 Ejus
610 3830 699 3889 verba
712 3832 847 3912 leguntur
859 3839 897 3895 ad
910 3839 1019 3897 calcem
1034 3840 1259 3918 fragmentorum
1271 3841 1302 3898 in
1315 3839 1441 3898 editione
1454 3838 1615 3899 Aristotelis
1628 3862 1755 3922 operum

422 3922 555 3998 Lugduni
563 3928 642 4003 apud
654 3927 689 3989 G.
703 3928 872 3990 Loemarium
884 3952 909 3991 a.
929 3935 1015 4011 1590,
1028 3947 1057 3993 et
1071 3935 1175 4013 saepius
1187 3955 1341 4015 expressa:
1359 3936 1450 3992 «llaec
1463 3934 1528 4003 tibi,
1545 3936 1646 4007 lector.
1661 3940 1755 4000 libro·

423 4035 487 4074 rum
500 4018 659 4081 Aristotelis
672 4042 732 4083 non
745 4027 920 4086 exstantium
936 4031 1113 4107 fragmenta,
1128 4049 1220 4106 pauca
1232 4030 1282 4088 illa
1295 4029 1410 4107 quidem
1423 4030 1461 4087 de
1473 4030 1586 4102 multis,
1602 4052 1668 4111 qnae
1687 4037 1755 4114 pri·

422 4114 488 4170 dem
502 4115 629 4176 studiose
643 4120 764 4181 collecta
778 4136 807 4181 et
821 4126 975 4182 emendata
994 4125 1151 4193 babemus,
1174 4123 1282 4202 placuit
1303 4143 1379 4182 nunc
1398 4122 1457 4180 ὅσον
1468 4123 1596 4201 γεύματος
1607 4128 1688 4208 χάριν
1700 4152 1757 4191 ex-

421 4207 532 4278 hibere,
549 4213 690 4292 tantisper
702 4217 771 4274 dum
785 4218 871 4277 liceat
884 4238 938 4298 per
951 4220 1044 4278 otium
1058 4219 1156 4276 omnia
1168 4219 1252 4275 simul
1266 4219 1296 4276 in
1316 4236 1405 4275 unum
1418 4220 1579 4290 conducta,
1597 4229 1756 4289 emendata

422 4313 452 4359 tt
464 4321 605 4363 conversa
625 4328 642 4365 a
661 4309 747 4368 nobis
766 4311 796 4369 in
816 4331 918 4372 eorum
937 4314 1061 4392 gratiam
1082 4311 1197 4388 quibis
1216 4311 1310 4388 epulis
1332 4311 1521 4383 delectantur,
1542 4317 1654 4392 Publici
1676 4321 1757 4401 juris

423 4398 529 4458 lacere.
543 4399 615 4459 Nam
629 4404 755 4480 quiante
764 4425 819 4465 nos
831 4409 907 4466 hanc
921 4407 1106 4486 provinciam
1120 4416 1317 4482 suseepemut,
1331 4404 1372 4462 ita
1385 4405 1562 4484 negligenter
1574 4425 1604 4470 et
1617 4414 1758 4494 imperite

424 4495 513 4570 (quod
527 4513 573 4553 ras
587 4496 649 4573 ipsa
663 4499 741 4574 μόνον
755 4501 815 4579 οὐχι
828 4501 917 4580 φωνὴν
946 4506 1055 4580 ἀφιεῖσα
1069 4499 1199 4574 testatur)
1214 4516 1276 4555 eam
1296 4497 1501 4570 sustinuemnt‚
1522 4516 1635 4564 utnon
1656 4512 1759 4572 minus

421 4590 652 4668 reprehendendi
667 4593 830 4668 videantur,
846 4601 926 4676 quod
940 4595 1059 4674 negotio
1082 4612 1112 4650 se
1125 4591 1340 4650 immiscuerunt
1360 4597 1437 4671 quod
1451 4614 1511 4654 non
1528 4598 1753 4681 intelligebant,

421 4704 509 4761 qnam
522 4687 668 4758 laudandi,
686 4692 765 4767 quod
779 4693 816 4750 de
829 4691 921 4751 literis
934 4692 1011 4750 bene
1025 4685 1130 4746 mereri
1144 4684 1296 4747 volueriut.
1314 4687 1369 4745 Sed
1383 4707 1437 4745 nos
1450 4691 1486 4748 de
1499 4691 1556 4750 illis
1570 4708 1599 4753 et
1612 4717 1680 4757 cum
1696 4703 1756 4763 illis

421 4780 491 4837 alias
506 4782 619 4841 favente
632 4786 693 4844 Deo
707 4784 776 4865 0pt.
791 4788 867 4849 Max.
884 4805 1023 4864 agemus,
1043 4794 1072 4840 et
1086 4779 1213 4857 egregias
1234 4778 1301 4837 istas
1325 4781 1520 4844 Discussiones
1542 4789 1758 4869 Peripateticos

421 4890 555 4936 accurate
568 4878 763 4943 discutiemus.
783 4905 796 4938 a
