3959 5900
245 452 284 510 {8
798 434 1044 499 ARISTOTELIS
1066 429 1315 494 FRAGMENTA.

246 580 324 660 scil.)
336 579 381 638 καλ
396 581 423 638 ἐν
443 579 496 642 τοῖς
515 575 675 653 ίξιοτερικοίς
695 571 782 651 λόγοις
794 568 941 650 θρκοόντιος
964 566 1021 627 ίνια
1045 596 1056 648 ρ
1080 564 1139 625 illis
1153 561 1360 642 respondeant,
1375 579 1450 638 quos
1465 578 1502 617 ex
1520 557 1615 637 ipsius
1632 555 1800 616 Aristotelis
1821 556 1859 614 li·

247 669 292 728 καὶ
306 666 432 748 χρηστέον
445 666 542 730 αὐτοῖς.
553 663 631 724 lbid.
644 661 695 735 Vl,
711 671 742 740 a,
759 683 772 719 1
790 679 797 721 :
813 655 1022 735 Πιατιόομινδὲ
1080 653 1143 713 bris
1165 655 1290 728 ductos,
1311 648 1427 728 priores
1444 646 1647 726 apposuimus,
1670 657 1761 704 totam
1783 644 1860 704 hanc

248 758 309 835 περὶ
321 757 407 814 αὐτῶν
420 753 493 834 (περὶ
505 755 553 824 τῆς
563 751 695 823 ποιήσεως
705 748 751 810 καλ
763 753 810 821 τῆς
820 744 939 827 eptitatos
949 743 1022 822 soil.)
1079 741 1270 820 quaestionem
1297 738 1397 819 potius
1430 735 1551 796 turbare
1580 754 1668 815 quam
1695 733 1860 811 illustrare,

248 846 293 903 καλ
310 850 364 910 τοῖς
378 841 538 921 ἐξωτερικοῖς
550 837 647 919 λόγοις.
661 838 751 897 Polit.
767 835 824 908 lll,
849 843 879 906 4,
896 842 914 903 [ς
936 855 944 891 ι
966 833 1025 902 Τῆς
1080 850 1140 890 non
1155 829 1240 890 facile
1261 827 1389 907 negabis

249 935 332 1010 ἀρχῆς
355 928 413 997 τοδς
432 926 587 1007 λεγομίνοος
601 926 712 1006 τρόπους
736 922 823 1006 ῥᾴδιον
850 922 954 987 διαλιῖν·
978 918 1025 978 καὶ
1121 920 1220 980 llestat
1244 931 1277 978 ut
1294 916 1428 997 quaedam
1442 916 1479 974 de
1497 912 1613 974 duobus
1631 914 1698 973 aliis
1715 913 1791 972 locis
1811 914 1862 970 ad·

248 1020 299 1098 γὰρ
316 1021 352 1079 ἐν’
367 1017 420 1085 τοῖς
443 1015 600 1094 ἐξωτιρικοῖς
613 1013 700 1091 λόγοις
719 1010 883 1092 διοριζόμεθα
901 1008 962 1088 περὶ
976 1007 1026 1065 αὖ·
1080 1011 1202 1083 damus,
1222 1009 1256 1068 in
1280 1006 1407 1087 quibus,
1425 1005 1480 1065 etsi
1506 1003 1645 1082 loquendi
1670 1022 1779 1080 genus,
1801 1022 1863 1079 quo

248 1111 301 1166 τῶν
309 1104 446 1172 πολλάκις.
459 1102 536 1162 lbid.
550 1102 617 1179 Vll,
637 1125 663 1174 1,
677 1123 711 1160 a:
725 1098 895 1178 Νυμόοαντας
908 1087 953 1158 οὖν
966 1099 1027 1154 iaa-
1083 1100 1176 1159 utitur
1202 1095 1414 1177 philosophus,
1438 1093 1538 1153 minus
1561 1093 1681 1152 sonasse
1703 1090 1862 1151 obscurum

135 1218 139 1227 ·
248 1199 297 1262 νῶς
312 1192 398 1254 πολλὰ
418 1190 539 1268 λόγιαθαι
553 1192 664 1250 καὶτῶν
686 1192 713 1249 tr
735 1189 788 1256 τοῖς
802 1186 961 1268 ίξοιτιρικοῖς
979 1187 1027 1245 λό-
1084 1202 1139 1260 est,
1160 1206 1219 1246 non
1238 1197 1334 1243 tamen
1358 1183 1396 1242 ab
1417 1180 1556 1241 omnibus
1581 1180 1752 1240 conceditur
1766 1179 1864 1238 dialo-

250 1309 304 1364 γοις
320 1283 380 1365 napi
393 1286 441 1353 τῆς
457 1281 566 1362 ἀρίστης
577 1284 655 1353 ζωῆς,
671 1279 717 1340 καλ
730 1284 775 1338 νῦν
786 1276 917 1358 χρηστόον
926 1276 1027 1350 αὐτοῖς,
1082 1297 1185 1354 gorum
1205 1274 1380 1334 mentionem
1395 1271 1479 1331 abeo
1499 1271 1575 1331 lieri.
1598 1270 1695 1342 Quum
1713 1270 1745 1329 in
1765 1270 1865 1349 primo

250 1374 321 1433 tales
334 1374 425 1431 ferme
437 1383 518 1440 sunt,
531 1383 564 1428 ut
578 1370 697 1428 illorum
712 1367 849 1448 opinioni
868 1384 1028 1443 nonrepu·
1083 1363 1162 1424 libro
1179 1364 1216 1424 de
1226 1363 1332 1422 Anima
1343 1384 1368 1420 c.
1389 1369 1415 1431 t,
1436 1362 1454 1439 S
1471 1382 1498 1433 1,
1519 1359 1555 1417 ad
1569 1379 1671 1419 eorum
1691 1359 1864 1418 sententiam

251 1473 346 1538 guent,
379 1458 431 1537 qui
459 1458 495 1517 de
524 1456 657 1533 dialogis,
687 1455 724 1515 ab
753 1456 818 1534 ipso
852 1451 1028 1533 philosopho
1084 1464 1229 1531 pergeret,
1249 1451 1302 1530 qui
1325 1449 1455 1509 animam
1474 1447 1659 1508 harmoniam
1685 1467 1748 1507 esse
1779 1460 1865 1526 puta·

250 1549 355 1624 editis,
389 1545 594 1623 intelligendos
630 1563 692 1604 esse
723 1542 914 1602 arbitrantur.
950 1538 1030 1610 Quin
1085 1553 1170 1613 rent,
1185 1540 1227 1600 ita
1248 1536 1650 1617 loeutusestpbilosophus:
1672 1535 1728 1598 Kal
1748 1534 1818 1608 ἄλλη
1836 1535 1866 1594 δέ

251 1652 278 1695 et
295 1638 327 1695 in
345 1637 419 1694 hanc
431 1632 603 1692 sententiam
616 1631 832 1710 interpretanda
846 1648 904 1688 esse
916 1647 951 1686 ea
964 1646 1031 1704 quae
1084 1652 1123 1696 τις
1136 1627 1199 1697 δόξα
1211 1627 1391 1710 παραδίδοται
1411 1624 1472 1706 rupi
1491 1628 1590 1707 ψυχῆς,
1608 1623 1705 1696 πιθανὴ
1730 1623 1778 1700 μίν
1798 1626 1867 1683 πολ·

253 1723 324 1781 alibi
344 1722 380 1781 de
393 1721 469 1780 ideis
478 1720 551 1780 dicit
562 1718 767 1799 philosophus,
782 1715 945 1796 Metaphys.
962 1712 1028 1785 xlt,
1084 1717 1138 1784 λοῖς
1153 1707 1232 1790 ἦττον
1251 1718 1303 1775 τῶν
1318 1713 1479 1795 λιγομίνονν,
1494 1713 1587 1792 λόγους
1602 1714 1626 1772 δ’
1649 1710 1740 1793 ὥσπερ
1759 1711 1867 1778 εὐθύνας

255 1832 282 1881 1,
295 1833 311 1869 a
326 1832 333 1867 ι
350 1808 534 1888 Τεθρύλληται
547 1808 599 1891 γόιρ
609 1807 642 1868 τόι
654 1804 739 1867 πολλόι
748 1805 793 1866 καὶ
807 1802 859 1863 ὑπὸ
871 1805 924 1863 τῶν
938 1801 1031 1871 ἐξαιτι-
1085 1807 1213 1864 erenaei·
1233 1802 1280 1865 καλ
1297 1806 1351 1871 τοῖς
1364 1804 1392 1861 ίν
1415 1804 1496 1882 κοινῷ
1509 1800 1671 1880 γιγνομένοις
1683 1799 1770 1879 λόγοις
1782 1800 1865 1871 (cod.

253 1901 332 1977 ρικῶν
343 1897 440 1975 λόγων,
457 1898 527 1957 satis
542 1916 648 1974 magna
663 1915 701 1955 ex
711 1894 749 1955 iis
759 1893 853 1953 oritur
863 1889 1031 1971 probabili·
1085 1901 1140 1961 τοῖς
1158 1895 1185 1953 lv
1205 1895 1285 1974 κοινῷ
1296 1891 1472 1971 λιγομίνοις)“
1491 1890 1620 1971 ἁρμονίαν
1641 1886 1692 1970 γάρ
1706 1912 1765 1949 τινα
1784 1889 1866 1955 airis

252 2001 306 2060 tas,
327 2007 393 2065 quae
406 1986 467 2064 jam
486 2006 575 2066 supra
594 1983 821 2045 memoravimus
833 1980 932 2040 Procli
952 1980 1030 2059 apud
1086 1982 1203 2059 λέγουσι,
1232 1980 1285 2042 uhi
1309 1981 1423 2059 antiqui
1445 1980 1620 2057 interpretes
1641 1978 1678 2037 ad
1697 1997 1787 2036 unum
1805 1997 1868 2035 onr-

251 2074 394 2134 loaunem
405 2075 604 2153 Philoponum
618 2073 706 2132 rerba
719 2072 767 2154 (cf.
783 2070 859 2131 infra
872 2071 1032 2147 fragmenta
1086 2089 1138 2130 nes
1153 2070 1210 2129 hoc
1224 2070 1256 2130 in
1270 2069 1396 2146 dialogis
1408 2068 1554 2127 Phaedone
1567 2080 1596 2126 et
1615 2067 1745 2128 lindemn
1761 2060 1867 2126 lactum

252 2163 361 2239 dialogi
383 2162 419 2221 de
433 2162 643 2241 Philosophia,
663 2171 697 2231 ιι,
707 2160 730 2237 ),
745 2178 811 2217 curn
835 2156 944 2235 quibus
961 2178 1030 2216 con·
1086 2179 1150 2218 esse
1161 2160 1307 2218 affirmant
1319 2159 1373 2235 (cl.
1389 2158 1512 2217 Eudemi
1527 2157 1564 2218 lr.
1581 2157 1612 2234 8)
1630 2176 1639 2218 z
1655 2156 1696 2216 ita
1707 2157 1803 2235 utqui
1818 2170 1869 2217 aut

249 2251 417 2329 jungendus
424 2264 468 2310 est
479 2251 586 2310 similis
596 2250 683 2328 plane
697 2245 845 2307 Plutarchi
856 2247 949 2318 locus,
960 2246 1030 2307 adv}
1086 2245 1123 2305 de
1134 2245 1207 2306 solis
1218 2245 1439 2305 Platonicorum
1452 2243 1651 2318 sermonibus,
1659 2264 1725 2324 quae
1732 2257 1776 2303 est
1784 2242 1868 2304 Rosii

255 2341 386 2399 Colotem
400 2359 425 2396 c.
443 2348 477 2407 rt
494 2336 573 2403 ιΤός
591 2360 622 2414 γε
634 2334 687 2411 μὴν
702 2333 783 2411 ἰδίας,
798 2332 858 2413 πιρλ
872 2324 909 2392 ὧν
925 2334 1032 2411 ίγιιαλιῖ
1086 2335 1244 2408 sententia,
1268 2346 1318 2394 aut
1342 2333 1379 2393 de
1406 2334 1446 2392 iis
1470 2333 1738 2413 disputationibus,
1766 2333 1868 2411 quales

254 2430 291 2506 τῷ
307 2426 443 2498 Πλάτωνι,
455 2430 595 2504 πανταχοῦ
609 2428 687 2484 κινῶν
702 2419 910 2502 δἈριστοτίλης
919 2419 966 2480 καλ
979 2429 1032 2478 πᾶ-
1086 2425 1221 2485 homines
1242 2423 1435 2500 elegantiores
1458 2423 1611 2482 instituere
1632 2422 1761 2494 soleant,
1779 2443 1867 2500 quam

254 2536 304 2572 σαν
319 2512 424 2590 ίπᾶγοιν
440 2512 553 2594 ἀπορίαν
568 2515 676 2587 αὐταῖς,
689 2514 715 2572 ἐν
731 2513 784 2578 τοῖς
799 2509 898 2580 ἠθικοῖς
917 2508 1033 2587 impuri·
1087 2525 1184 2572 tuetur
1209 2511 1484 2591 interpretationem
1513 2511 1693 2572 novissimus
1722 2509 1866 2571 librorum

258 2624 348 2678 μασιν,
365 2603 392 2660 iv
407 2608 460 2668 τοῖς
471 2599 649 2681 percecinit&
664 2606 716 2660 τῶν
724 2599 883 2680 ίξωτερικιῗιν
890 2599 1031 2678 διαλόγων,
1088 2601 1253 2662 Aristotelis
1276 2600 1382 2671 editor,
1405 2599 1573 2673 Torstrick‚
1605 2600 1728 2677 cogitari
1752 2602 1867 2678 possit,

256 2688 463 2769 φιλονεικότερον
501 2688 578 2757 ἐνίοις
609 2688 733 2759 όδοξενῆ
761 2685 968 2769 ριλοοοριίτιρον
1001 2689 1032 2746 ἐκ
1087 2689 1208 2748 minime
1227 2688 1363 2760 videam,
1392 2688 1552 2768 presertim
1577 2709 1667 2767 quum
1694 2702 1722 2746 et
1749 2688 1870 2748 aliunde

257 2780 309 2835 τῶν
325 2778 462 2855 δογμάτων
483 2776 582 2837 τούτων
598 2780 632 2844 ὡς
646 2775 803 2856 προθίμενος
820 2773 868 2846 τὴν
888 2776 1033 2842 Πλάτωνος
1089 2789 1201 2837 constet
1227 2778 1263 2836 de
1283 2776 1436 2836 harmonia
1454 2777 1633 2857 disputatum
1655 2777 1744 2837 luisse
1762 2776 1793 2835 in
1816 2776 1871 2835 Eu·

258 2865 387 2943 ὑπεριδεῖν
412 2864 579 2948 ριλοοορίαν·
605 2864 673 2926 οὕτω
701 2865 804 2946 μακρὰν
835 2855 867 2936 ἦν
903 2867 949 2923 τοῦ
969 2865 1033 2923 dxe-
1087 2868 1173 2927 demo
1190 2867 1244 2945 (el.
1269 2867 1303 2925 lr.
1320 2871 1337 2925 8
1353 2880 1382 2925 et
1397 2867 1464 2945 ιιι).
1477 2866 1643 2927 Nectamen
1656 2868 1724 2926 ideo
1737 2869 1869 2926 exomni

255 2955 366 3016 λουθεῖν.
1087 2970 1169 3036 parte
1182 2957 1309 3036 probare
1322 2976 1452 3036 possum,
1465 2956 1574 3033 quaede
1586 2956 1718 3016 hocloco
1734 2969 1829 3030 acute,
1837 2970 1870 3016 nt

297 3042 342 3101 Ah
350 3045 487 3116 hisvero,
495 3063 571 3122 quos
581 3044 732 3120 hucusque
743 3041 1034 3120 laudavimus,plane
1087 3045 1177 3119 solet,
1193 3045 1353 3126 disputarit
1372 3046 1511 3123 llernays,
1526 3045 1557 3104 in
1578 3043 1657 3103 libro
1681 3046 1787 3125 saepius·
1805 3045 1870 3123 jam

257 3129 375 3190 diversa
384 3144 428 3189 est
437 3132 512 3190 ratio
524 3131 582 3190 loci
603 3132 635 3190 in
659 3130 746 3191 lihris
759 3131 967 3209 Physieornm,
981 3132 1031 3205 lv,
1088 3134 1226 3208 laudato,
1250 3156 1281 3215 p.
1310 3144 1344 3203 ιθ
1367 3154 1421 3205 ss,
1448 3134 1518 3212 qui,
1544 3152 1634 3210 quum
1659 3135 1777 3210 egregie
1800 3137 1869 3193 Ari·

261 3238 306 3288 ιο,
326 3238 338 3274 1
354 3219 449 3293 obvii,
467 3218 531 3291 ubi,
541 3219 578 3277 de
588 3232 719 3298 tempore
731 3220 896 3296 loeuturus,
917 3221 957 3279 ita
969 3222 1035 3281 Ari·
1088 3224 1200 3283 stotelis
1209 3222 1346 3283 verbaita
1354 3221 1537 3295 restituisset,
1550 3219 1643 3297 ejecto
1650 3235 1751 3300 aperto
1761 3224 1870 3299 glosse-

258 3305 375 3364 stoteles
389 3327 396 3362 ι
418 3306 529 3386 Πρῶτον
544 3304 572 3365 δὲ
581 3309 670 3374 καλῶς
681 3307 747 3387 όχιι,
758 3309 865 3386 inquit,
875 3309 1034 3388 διαπορῆσαι
1088 3326 1182 3371 mate:
1194 3309 1249 3371 Καὶ
1263 3308 1331 3379 ἄλλη
1346 3305 1375 3366 δι’
1383 3331 1423 3374 τις
1438 3305 1499 3376 &ie
1508 3305 1686 3387 παραδίδωσι*
1695 3309 1756 3390 mel
1768 3314 1868 3392 lusit,

255 3390 317 3468 περὶ
329 3393 462 3451 αὐτοῦκαὶ
472 3394 514 3452 διόι
524 3398 576 3453 τῶν
587 3392 846 3474 ἐξωτερικῶνλόγων,
857 3394 969 3477 πότερον
981 3402 1034 3458 τῶν
1088 3399 1186 3474 πιθανὴ
1206 3396 1254 3477 μίν
1267 3399 1375 3463 πολλοῖς
1394 3398 1519 3474 οὐδεμιᾶς
1532 3387 1611 3467 ἧττον
1629 3399 1684 3455 τῶν
1697 3381 1867 3476 λεγομένόον,

256 3478 337 3536 όντων
356 3480 426 3540 leals
441 3480 458 3554 ἣ
473 3485 525 3540 τῶν
537 3481 574 3560 μὴ
591 3481 684 3557 όντων,
703 3478 759 3544 εἶτα
770 3485 839 3557 sisai
855 3484 931 3567 piot<
943 3487 1033 3549 αὐτοῦ.
1088 3489 1179 3569 ὥσπερ
1193 3485 1300 3553 εόθύνας
1314 3483 1343 3543 dl
1361 3485 1491 3544 δεδωκυῖα
1511 3484 1558 3543 ml
1572 3487 1626 3553 τοῖς
1642 3486 1669 3543 ἕν
1686 3488 1765 3566 θθῑνῷ
1778 3512 1870 3568 γιγνο-

258 3564 315 3625 llic
329 3571 405 3627 enim
421 3590 474 3649 per
487 3569 653 3652 λξιοτερικοδς
666 3573 759 3651 λόγους
782 3587 881 3654 aperte
895 3575 947 3634 illa
957 3575 1034 3636 desi·
1089 3577 1174 3655 μένοις
1195 3574 1296 3652 λόγοις,
1318 3573 1355 3632 de
1377 3573 1441 3633 solo
1456 3573 1587 3633 Eudemo
1604 3573 1654 3633 hic
1673 3575 1720 3652 agi
1744 3576 1869 3638 demon·

258 3668 345 3732 gnat,
358 3676 424 3734 quae
437 3660 501 3738 ipse
515 3679 569 3738 per
589 3673 681 3740 totum
696 3680 820 3740 sequens
841 3676 927 3742 caput
940 3683 1036 3744 expo-
1089 3678 1180 3725 strare
1200 3674 1320 3722 conatus
1333 3674 1393 3735 est,
1410 3662 1460 3721 sed
1475 3660 1693 3722 subsistendum
1719 3682 1783 3723 esse
1796 3681 1868 3744 puto

258 3744 329 3803 suit.
353 3745 421 3805 Alia
432 3767 550 3826 quoque
567 3767 662 3826 neque
679 3749 776 3823 minor
790 3749 859 3810 inde
872 3753 967 3812 oritur
979 3753 1036 3812 ‹tif-
1089 3752 1120 3813 in
1136 3752 1174 3811 iis
1185 3771 1250 3829 quae
1263 3770 1298 3810 ex
1310 3750 1478 3829 antiquiore
1489 3751 1591 3832 procul
1612 3750 1704 3811 dubio
1718 3773 1867 3814 commen·

260 3831 390 3906 licultas,
404 3834 484 3912 quod
498 3848 527 3894 et
543 3837 575 3894 in
595 3837 632 3896 iis
648 3838 782 3918 scriptis,
798 3858 863 3917 quac
874 3883 883 3909 ,
896 3840 950 3899 etsi
967 3861 1034 3900 eum
1090 3841 1164 3899 tario
1179 3839 1215 3898 ad
1227 3839 1305 3899 hunc
1315 3839 1412 3898 locum
1428 3839 1554 3918 protulit
1567 3839 1737 3919 Simplicius
1751 3841 1800 3900 [ολ
1819 3853 1866 3914 14,

259 3921 606 4000 Aristoteleiseohaerent,
618 3926 707 3986 alium
721 3938 818 3985 tamen
828 3940 976 3986 auctorem
986 3928 1036 3987 ha·
1090 3930 1114 3985 λ
1132 3927 1192 4008 (cl.
1208 3928 1242 3988 lr.
1256 3928 1293 4005 8)
1308 3949 1315 3985 ι
1332 3927 1373 3987 ita
1384 3940 1428 4000 ut,
1444 3927 1525 4007 quod
1545 3941 1574 3986 et
1591 3927 1627 3988 de
1641 3927 1802 4010 ἐξωτερικοῖς
1820 3931 1868 3990 λό-

258 4006 330 4066 bere
344 4011 528 4070 manifestum
549 4026 603 4086 est,
619 4013 766 4092 ἐξωτιρικολ
788 4013 860 4093 λόγοι
880 4015 1037 4074 nominan·
1091 4040 1147 4095 γοις
1169 4018 1257 4090 valet,
1278 4016 1478 4098 philosophus·
1496 4018 1630 4077 consulto
1651 4018 1790 4096 loquendi
1817 4039 1868 4096 ge·

259 4107 316 4153 tur.
342 4096 403 4157 lloe
422 4099 539 4161 duobus
549 4103 625 4162 locis
636 4102 668 4161 in
681 4101 849 4163 Ethieotum
867 4103 965 4175 libris,
983 4103 1036 4182 qui
1089 4127 1312 4174 nerensusesse
1326 4106 1539 4167 existimandus
1549 4107 1598 4180 sit,
1614 4107 1705 4185 quod,
1720 4128 1811 4186 quum
1827 4113 1868 4168 la·

260 4186 394 4246 Eudemii
409 4203 559 4262 vocantur,
586 4196 690 4250 lactum
711 4204 772 4268 est,
792 4210 918 4269 quorum
933 4192 1035 4271 priore
1090 4196 1149 4256 tius
1167 4209 1289 4276 pateret,
1312 4216 1371 4256 non
1385 4196 1480 4254 solum
1496 4214 1570 4272 quos
1599 4195 1662 4275 ipse
1685 4197 1868 4276 populariter·

260 4269 287 4342 l,
303 4273 332 4342 8,
350 4269 386 4340 5,
400 4270 453 4331 uhi
466 4272 528 4333 haec
537 4276 574 4335 de
587 4276 661 4336 ideis
676 4300 683 4336 ι
696 4280 729 4339 Εἰ
746 4277 774 4337 a
788 4279 976 4357 trinorcium<
993 4282 1036 4339 al·
1090 4288 1301 4365 conscripserat
1313 4282 1416 4352 libros,
1441 4282 1534 4342 sedet
1555 4284 1679 4346 aliomm
1696 4285 1867 4364 complecte-

258 4369 318 4419 πεῖν
342 4358 404 4435 περὶ
426 4362 525 4435 οὔτῶν,
544 4361 656 4440 λέγομεν
670 4363 711 4423 ότι
728 4368 832 4445 πρῶτον
847 4366 895 4445 μίν
909 4366 940 4427 τό
965 4359 1036 4427 εἶναι
1089 4386 1170 4433 retur
1183 4372 1232 4452 (1).

259 4448 330 4507 ἰδίαν
344 4446 382 4525 μὴ
403 4448 481 4521 μόνον
492 4452 591 4527 ἀγαθοῦ
605 4449 675 4511 ἀλλὰ
686 4451 732 4511 καλ
746 4451 827 4513 ἄλλου
840 4457 946 4516 ότουοῧν
959 4455 1034 4534 λίγα·

259 4560 302 4596 τό*
324 4538 432 4615 tegete
448 4536 493 4596 “l
515 4541 605 4607 ’‘llil‘'
619 4538 779 4600 mmm*
798 4540 826 4601 Pl
841 4543 947 4610 ’PM‘
972 4543 1034 4626 περὶ
1118 4587 1147 4643 (ι)
1156 4587 1190 4631 ue
1197 4586 1242 4632 hae
1254 4586 1349 4642 mouod
1356 4597 1431 4643 nuper
1441 4586 1591 4633 observatum
1601 4590 1636 4634 est
1646 4588 1724 4634 αιΙτιν
1734 4589 1867 4637 οΙατιινθιυΙι

260 4627 339 4684 αὐτοῦ
356 4624 461 4705 τρόποις
483 4625 529 4684 καὶ
545 4629 572 4687 iv
588 4630 642 4694 τοῖς
656 4625 818 4709 ἐξωτερικοῖς
841 4628 927 4708 λόγοις
946 4630 991 4689 καὶ
1009 4633 1036 4691 ἰν
1090 4653 1114 4694 ει
1132 4648 1161 4693 de
1179 4648 1308 4694 λῆιιοιοιιι
1327 4649 1517 4705 interpretatum
1536 4650 1703 4704 mentisstnts,
1721 4652 1748 4697 c.
1766 4651 1866 4709 mutor,

260 4712 314 4779 τοῖς
351 4711 411 4791 περὶ
442 4713 615 4795 φιλοσοφίας,
641 4716 716 4776 illud
748 4718 848 4777 saltem
884 4717 1036 4792 docemur,
1092 4712 1168 4786 “W
1190 4709 1310 4785 inm·
1325 4712 1406 4766 Μ’·
1425 4715 1489 4765 ¹⁸⁶⁸·
1505 4714 1523 4757 ¹·
1538 4712 1571 4764 ¹¹⁹
1594 4723 1619 4768 Ρ·
1640 4719 1691 4767 '⁰⁹'
1708 4715 1731 4758 ‘¹
1745 4714 1867 4773 mm·

261 4800 332 4878 quid
357 4801 387 4859 in
412 4800 469 4860 boe
493 4801 611 4862 dioendi
633 4822 740 4883 genere
764 4804 927 4886 ίξοιτερικοῑς
951 4805 1038 4886 λόγοις
1092 4773 1867 4898 „fffflssigffleffiussfficpffmffiffirmfflil

261 4899 434 4967 opponatur.
459 4888 544 4949 llunc
569 4910 642 4950 vero
656 4913 716 4952 non
738 4894 836 4955 minus
856 4913 943 4973 quam
964 4895 1039 4956 alte-
1091 4898 1250 4956 terpmtrttont
1261 4910 1397 4957 mmmm.
1412 4898 1511 4955 sosoma
1526 4899 1596 4945 serm
1615 4899 1749 4957 pottoeoptt
1763 4903 1787 4945 ¹¹¹
1803 4904 1867 4949 nunc

262 4996 336 5049 νννν,
364 4976 415 5055 qu
437 4978 524 5037 intuo
540 4980 636 5038 suum
662 4982 733 5042 ιιινῑ
761 4983 882 5043 sewun
905 4983 1036 5061 legimur:
1091 4960 1865 5070 wfflfflfffflgsslffgfflfflfm

263 5062 357 5124 Πάντα
373 5061 406 5138 δὴ
429 5064 566 5145 tripaldi
585 5067 659 5138 ἐκτὸς
680 5070 741 5144 his
762 5075 848 5153 ψυχῇ,
874 5071 1038 5131 καὶτούτων
1091 5034 1296 5143 qodsnhomtnavt,
1311 5086 1350 5131 vu
1364 5097 1378 5130 a
1393 5034 1567 5142 meimperire
1579 5085 1665 5140 poterit
1680 5038 1866 5134 ruetoutiiiuii

262 5151 419 5234 αἱρετώτερα
432 5152 466 5213 sd
479 5155 552 5235 όνπῇ
569 5160 654 5239 ψυχῇ,
669 5159 788 5241 καθάπερ
802 5157 972 5241 διαιροόμιθα
988 5161 1035 5219 καὶ
1091 5143 1865 5268 ngffldfflmpffibgssmffiffiigsswfflffl:

263 5243 289 5300 b
314 5250 367 5308 τοῖς
387 5239 547 5324 ἐξυτιρικοῖι
568 5245 665 5326 λόγοις,
690 5268 779 5326 quum
799 5249 929 5309 exomni
958 5263 1041 5330 parte
1093 5274 1137 5320 οοι
1159 5273 1183 5320 ιιι
1207 5272 1260 5319 ωε.
1285 5272 1358 5318 vaae.
1382 5277 1432 5316 ιοεο
1454 5272 1477 5316 οι
1497 5270 1690 5328 amoenum
1710 5273 1870 5329 ramponem
