3959 5900
300 465 336 524 ιι
836 456 1080 519 anissonios
1101 457 1350 520 nnsounms.
1968 412 1973 505 l

299 613 383 671 posse
392 591 553 670 respondit,
564 591 659 649 statim
669 588 893 669 veroaddit,Ep.
906 590 942 649 ad
951 593 1010 651 λιι.
1022 589 1072 661 lv,
1094 596 1101 707 Ι
1128 589 1199 647 titur
1212 607 1271 646 non
1286 588 1381 647 solum
1393 586 1541 647 Cineronis
1555 586 1655 647 verbis
1668 607 1732 667 quae
1743 588 1805 665 jam
1816 608 1898 667 supra

301 681 336 737 16
351 700 358 736 ι
371 684 473 755 Itaque
484 680 652 755 cogitabam,
661 683 791 754 quoniam
806 684 834 733 in
851 681 972 753 singulis
996 681 1075 734 libris
1095 711 1100 773 Ι
1126 697 1163 735 ex
1174 676 1314 753 Epistolis
1327 675 1363 733 ad
1380 673 1565 739 suricinii.
1585 696 1632 753 19,
1647 684 1662 741 i
1679 677 1843 747 attulimus,
1854 680 1898 735 sed

298 780 360 822 utor
377 772 534 843 prooemiis,
551 779 581 821 ut
602 768 765 823 Aristoteles
783 771 813 821 in
833 772 867 822 iis
884 787 953 843 quor
979 762 1074 833 ίξωτι·
1126 778 1155 823 et
1163 766 1200 825 iis
1212 784 1278 842 quae
1287 765 1318 823 in
1331 763 1461 842 Epistola
1470 761 1506 822 ad
1516 763 1655 833 Quintum
1670 765 1800 836 tratrem,
1811 762 1898 835 lll,5‚

298 851 383 932 ρυιοὺς
401 868 498 926 uocat,
521 857 632 931 aliquid
654 852 768 927 efficere
782 867 814 909 ut
835 860 918 910 istum
944 874 1000 910 non
1014 858 1076 909 sine
1126 854 1256 933 scripsit,
1264 871 1368 930 nempe
1376 851 1591 930 ipsidristoteli
1601 851 1632 909 in
1641 848 1680 925 iis
1689 872 1754 929 quae
1763 841 1802 910 de
1816 872 1899 931 repu-

296 946 576 1019 cuusaappeitarem.
592 940 784 999 Exhocvero
796 941 1071 1019 loeolcumquoci.
1126 938 1204 998 blica
1216 926 1246 997 et
1260 952 1413 1018 praestante
1425 939 1490 996 viro
1502 939 1663 1017 scripserit,
1678 939 1709 998 id
1724 954 1779 1012 est,
1796 940 1898 999 sivein
1967 890 1977 1015 l

298 1030 388 1109 Epist.
416 1031 453 1090 ad
474 1030 533 1090 Ao.
560 1028 638 1101 XVI,
659 1030 689 1099 6,
712 1041 741 1087 et
764 1027 850 1100 Xlll,
874 1029 929 1105 32)
954 1024 1074 1087 torsisse
1126 1026 1243 1103 dialogo
1265 1027 1302 1085 de
1321 1026 1459 1097 lustitia,
1474 1023 1536 1084 sive
1558 1026 1589 1083 in
1616 1025 1668 1083 illo
1695 1028 1746 1104 qui
1763 1027 1899 1094 Πολιτικὸς

297 1119 469 1198 explicanda
489 1129 558 1177 sunt
577 1137 641 1194 qua
660 1115 737 1194 apud
756 1115 880 1175 eundem
902 1114 1072 1175 Ciceronem
1127 1113 1344 1191 nominabatur,
1376 1132 1443 1172 suas
1468 1126 1566 1191 partes
1592 1112 1690 1172 luisse.
1722 1112 1780 1172 Nec
1805 1114 1900 1172 minus

297 1205 368 1265 alibi
384 1208 530 1283 leguntur,
546 1204 600 1282 Ep.
617 1202 653 1261 ad
674 1205 783 1262 divers.
798 1202 823 1274 Ι,
843 1223 875 1279 9,
892 1203 928 1260 23
946 1205 1075 1278 :Scripsi
1125 1202 1273 1277 egregium
1288 1201 1325 1259 de
1347 1201 1401 1259 hac
1420 1219 1452 1258 re
1469 1199 1567 1258 Procli
1590 1210 1684 1257 exstat
1703 1200 1899 1260 testimoninm
1971 1191 1978 1329 ί

298 1301 386 1369 igitur
403 1297 559 1351 Aristotelis
579 1311 668 1364 more,
693 1294 930 1366 quemadmodum
959 1295 1072 1366 quidem
1127 1289 1204 1369 apud
1218 1289 1361 1348 loannem
1375 1287 1494 1367 Philop.
1510 1287 1554 1346 De
1568 1284 1669 1345 mundi
1689 1299 1790 1349 aetern.
1809 1287 1856 1365 ΙΙ,
1872 1311 1899 1361 ε,

298 1386 392 1452 uoltti,
409 1394 464 1438 tres
477 1381 559 1436 libros
574 1386 603 1434 in
613 1381 850 1453 disputationibus
865 1382 1074 1454 acclialogode
1127 1377 1177 1439 iot.
1206 1378 1239 1449 B,
1268 1399 1280 1435 1
1308 1396 1409 1448 verso,
1439 1376 1517 1455 quod
1541 1376 1617 1433 inira
1641 1374 1718 1433 inter
1743 1376 1902 1452 fragmenta

299 1471 421 1535 Oratore,
442 1468 482 1525 ita
496 1479 538 1536 ut,
555 1462 680 1543 quaehic
693 1464 905 1543 disputationes
920 1478 1072 1536 vocantur,
1126 1465 1234 1541 dialogi
1261 1466 1297 1524 de
1323 1463 1517 1542 Philosophia
1540 1463 1740 1543 apposuimus.
1766 1464 1899 1523 Ceterum
1971 1488 1975 1501 ·

297 1553 371 1614 nihil
386 1554 466 1614 alind
480 1555 540 1613 sint
549 1573 635 1631 quam
645 1554 711 1631 ipsa
721 1554 774 1613 illa
787 1554 948 1633 prooemia,
964 1555 1072 1632 inqui·
1126 1554 1162 1612 de
1176 1553 1311 1632 pemoms
1322 1572 1394 1630 quas
1410 1551 1578 1611 Aristoteles
1591 1552 1623 1609 in
1637 1550 1763 1627 dialogis
1777 1552 1901 1611 induxe-
1970 1514 1975 1595 l

296 1641 351 1701 hus
360 1643 454 1721 ipsius
465 1640 593 1701 auctoris
606 1643 769 1718 exponitur,
779 1642 931 1701 sententia.
947 1641 1033 1712 Quod
1046 1643 1070 1701 si
1126 1643 1181 1717 rit,
1210 1659 1324 1699 verane
1344 1659 1381 1697 an
1408 1640 1480 1697 hctae
1503 1638 1626 1709 luerint,
1667 1637 1742 1697 nihil
1772 1640 1899 1718 amplius
1971 1658 1978 1791 p

296 1750 396 1791 verum
409 1743 463 1800 est,
482 1749 540 1788 non
552 1728 613 1806 jam
628 1728 697 1788 huic
711 1730 775 1789 loco
795 1730 869 1789 alter
884 1728 1071 1807 repugnabit,
1128 1740 1308 1807 compertum
1331 1726 1489 1798 habemus,
1508 1726 1568 1785 nisi
1583 1723 1662 1804 quod
1681 1724 1719 1783 ‹le
1738 1725 1792 1783 hac
1807 1746 1842 1784 re
1865 1747 1900 1785 ex
1928 1768 1935 1795 ,

296 1818 399 1896 inquo
415 1818 456 1877 it'a
474 1818 593 1888 Cicero,
609 1815 701 1896 Epist.
717 1819 754 1878 ad
771 1825 828 1879 att.
854 1816 1006 1895 xttt,19‚
1027 1826 1044 1887 t,
1063 1843 1071 1877 r
1124 1815 1290 1896 antiquiore
1302 1815 1664 1891 lortasseionteacceptntn
1672 1811 1762 1871 tradit
1773 1812 1902 1871 loannes

294 1907 366 1963 Sunt
373 1914 459 1964 ctiam
468 1910 505 1964 de
512 1909 630 1965 Oratore
641 1913 728 1964 nostri
736 1921 798 1975 tres,
816 1907 1073 1963 niihivehementer
1124 1902 1305 1982 Philoponus
1317 1902 1349 1960 in
1362 1901 1496 1977 Cetegor.
1509 1920 1540 1977 p.
1558 1902 1604 1969 36,
1624 1900 1655 1957 B.
1661 1896 1672 1970 ,'
1687 1900 1724 1958 28
1742 1921 1749 1958 :
1764 1899 1814 1960 Ἐν
1828 1899 1859 1959 δί
1873 1923 1903 1977 γε

291 1997 413 2068 probati.
435 2000 471 2050 m
482 2002 522 2051 eit
538 2013 646 2070 quoque
656 2015 700 2051 eoe
711 2007 935 2071 personuerunt,
959 2008 991 2050 ut
1003 1995 1072 2050 midi
1122 1992 1175 2058 τοῖς
1188 1992 1354 2068 δισλογικοῑς,
1368 1989 1458 2069 duple
1472 1973 1530 2054 roh<
1541 1987 1650 2054 πολλοὺς
1660 1988 1732 2068 αὐτῷ
1742 1988 1902 2069 γίγρσπτσι,

295 2086 452 2149 tacendum
462 2081 568 2154 suerit.
592 2086 708 2140 Crassus
731 2089 804 2139 enim
828 2085 954 2158 ὼριιιιιιι,
980 2088 1073 2139 Αιιιο-
1122 2077 1168 2137 καί
1186 2078 1264 2156 ὄγκου
1278 2078 1406 2157 φροντίζει
1419 2076 1486 2143 τινὸς
1503 2076 1549 2135 καὶ
1569 2074 1717 2154 πιριιργίσς
1738 2074 1834 2144 titios
1860 2080 1903 2135 nsi
1975 2083 1980 2216 Ι

295 2177 375 2239 nitu,
398 2170 513 2227 Catulus
536 2188 638 2236 senes,
663 2170 698 2226 C.
729 2171 822 2225 lulius
837 2167 937 2241 frater
961 2172 1070 2239 Catuli,
1124 2175 1287 2246 μεταφορᾶς,
1307 2165 1352 2224 καλ
1364 2166 1428 2245 πρὸς
1445 2164 1541 2224 tit-ein
1552 2163 1680 2242 λεγόντων
1693 2163 1826 2244 πρόσωπα
1837 2187 1899 2245 affl

296 2258 385 2324 Cotta,
401 2258 551 2332 Sulpicius.
562 2261 654 2313 Puero
672 2257 867 2313 mehicserruo
882 2259 1029 2328 inducitur,
1043 2271 1073 2313 ιιι
1124 2254 1226 2330 μστίζιι
1243 2253 1273 2312 th
1295 2244 1361 2321 ι’ίδος
1381 2256 1427 2325 τῆς
1445 2252 1550 2326 λέξεως,
1571 2252 1617 2312 καί
1642 2253 1733 2319 ἁπλῶς
1751 2250 1802 2311 dou
1821 2255 1900 2334 λόγω

296 2346 385 2399 nolite
407 2362 466 2399 erse
477 2357 592 2417 possent
606 2363 679 2400 mete
694 2358 803 2419 partes.
825 2347 898 2417 (luen
913 2358 1007 2416 autem
1028 2346 1073 2400 iris
1123 2333 1175 2401 οἶδε
1195 2340 1356 2410 καλλωπίζει
1378 2339 1427 2412 τὴν
1450 2340 1536 2414 ittet,
1556 2360 1622 2420 quae
1644 2354 1756 2413 tamen,
1783 2359 1901 2414 uereor,

296 2432 462 2505 temporibus
470 2436 569 2505 scripsi
575 2428 885 2509 ’λριττοτελειονιιιοτειιι
897 2432 1023 2488 lrabeat:
1042 2439 1072 2488 in
1124 2450 1184 2488 non
1206 2431 1304 2488 minus
1318 2443 1435 2488 temere
1455 2429 1531 2489 dicta
1553 2443 1620 2488 sunt
1640 2424 1728 2507 quam'
1746 2449 1815 2506 quat
1836 2451 1901 2490 cum

296 2536 351 2591 quo
362 2537 453 2575 sermo
464 2523 505 2573 ita
518 2520 657 2574 inducitur
668 2531 830 2591 ceterorurrr,
843 2532 874 2573 ut
883 2537 971 2593 penes
981 2526 1071 2593 ipsum
1123 2518 1201 2594 apud
1216 2518 1402 2576 Ammonium
1418 2517 1449 2575 in
1461 2517 1593 2593 Cetegor.
1608 2517 1629 2577 l.
1647 2525 1663 2585 i
1678 2530 1757 2576 recto
1775 2536 1783 2577 ι
1802 2519 1902 2579 Ateio·
1979 2525 1980 2528 ’

295 2612 332 2661 ιιι
349 2612 536 2682 principatus.
565 2611 612 2663 Ita
633 2628 685 2664 corr
700 2612 742 2662 eci
762 2605 989 2682 quinquelibrot
1011 2606 1071 2685 περὶ
1122 2606 1185 2682 γικλ
1198 2607 1286 2666 δίδσσι
1299 2605 1336 2682 μὴ
1352 2605 1484 2674 ίξοίιιιίσυ
1494 2604 1636 2685 προσώπω
1650 2604 1822 2686 συνέγραψεν,
1837 2608 1895 2665 ἀλλ’
1975 2652 1978 2663 ι

295 2696 386 2764 tuot,
396 2707 427 2750 ut
436 2694 581 2769 Epicurea
591 2698 624 2754 L.
640 2697 788 2770 Torquato,
796 2695 893 2750 Stoica
903 2697 945 2753 M.
959 2695 1071 2765 Catoni,
1123 2693 1212 2775 ὥσπερ
1239 2692 1381 2754 stlitem
1404 2693 1604 2773 ὑποκρινόμενος
1630 2690 1724 2771 ἐτέρων
1750 2692 1900 2770 πρόσωπα,

295 2778 489 2860 περιτατητικλ
499 2783 648 2839 M.Pisoni
658 2784 767 2840 darem.
780 2781 826 2839 Ad
836 2781 889 2841 hos
901 2800 1070 2859 veroquam
1124 2795 1183 2841 tum
1203 2782 1279 2862 apud
1302 2782 1375 2841 alios
1398 2780 1568 2860 philosophi
1581 2781 1755 2858 interpretes
1768 2780 1816 2837 vde
1837 2780 1901 2857 ejus
1979 2824 1980 2832 ι

295 2872 397 2930 tertius
412 2870 522 2929 accedit
535 2871 631 2942 locus,
647 2871 679 2929 in
700 2890 760 2948 quo
780 2891 883 2931 rursus
900 2870 936 2929 de
960 2876 1070 2929 Aristo-
1123 2870 1306 2944 dialogorum
1332 2870 1468 2928 laudibus
1496 2873 1643 2944 leguntur.
1666 2867 1751 2937 Quod
1781 2869 1809 2926 si
1834 2868 1901 2927 illos
1977 2850 1980 2967 l

295 2964 367 3018 teleo
381 2980 457 3017 more
470 2960 603 3039 loquitur
617 2959 738 3031 Cicero,
755 2958 792 3018 de
811 2961 933 3020 Oratore
947 2958 1003 3030 ΙΙΙ,
1019 2981 1069 3032 ar,
1122 2959 1236 3017 silentio
1261 2958 1509 3035 praetermittimus
1531 2956 1626 3028 locos,
1642 2957 1675 3015 in
1689 2954 1799 3033 quibem
1824 2956 1899 3016 illud

295 3049 333 3106 80
350 3072 357 3107 z
372 3052 541 3125 Sinuliquis
561 3054 694 3110 extiterit
704 3050 875 3123 aliquando,
896 3055 945 3123 qui
963 3055 1070 3106 Aristo·
1124 3058 1232 3106 tantum
1246 3045 1333 3104 modo
1344 3046 1516 3120 affirmatur,
1527 3045 1558 3103 in
1568 3043 1693 3121 dialogis
1701 3044 1793 3101 multo
1808 3046 1901 3122 magis

294 3141 366 3195 teleo
377 3157 452 3195 more
464 3144 494 3194 in
507 3148 770 3211 utramquepartem
779 3143 873 3212 possit
883 3138 983 3202 dicere,
1000 3143 1070 3193 etin
1123 3136 1279 3214 perspicuo
1294 3153 1377 3193 usum
1400 3132 1488 3191 luisse
1506 3131 1622 3190 dicendi
1640 3150 1746 3206 genere
1762 3133 1901 3192 adstote·

293 3230 370 3280 omni
381 3245 468 3281 causa
482 3227 556 3280 ditus
571 3230 727 3280 contrarius
745 3230 894 3291 orationes,
917 3231 1071 3300 proeceptis
1123 3221 1191 3294 lein,
1204 3219 1345 3279 all'erendi
1357 3218 1406 3277 hic
1425 3219 1581 3296 praesertim
1601 3232 1691 3275 erunt
1703 3219 1899 3286 Themistius.
1979 3210 1980 3221 λ

296 3314 374 3367 illins
388 3318 523 3388 cognitis,
535 3314 682 3386 explicare
700 3324 750 3367 aut
766 3312 819 3367 doc
833 3313 970 3367 Artesiloe
989 3314 1071 3369 motio
1122 3310 1174 3386 qui
1189 3309 1229 3368 ita
1241 3309 1274 3367 in
1293 3306 1373 3369 Orat.
1389 3305 1495 3377 lllllll,
1511 3325 1543 3383 p.
1557 3306 1627 3379 319,
1646 3305 1793 3366 hilerd:
1815 3310 1900 3368 Kaloi

293 3413 321 3455 et
336 3401 490 3457 Carneadis
501 3412 597 3454 contra
607 3416 689 3453 onrne
698 3399 773 3473 quad
781 3403 999 3472 pmpositumsit
1008 3400 1070 3454 dis·
1124 3395 1173 3474 μίν
1199 3396 1362 3475 δημωφελεῖς
1384 3392 1515 3469 καὶπρὸς
1540 3391 1570 3450 τδ
1594 3393 1692 3462 πλῆθος
1713 3393 1900 3471 tortuosum

294 3501 389 3558 scrut,-
412 3495 513 3563 quique
536 3489 578 3543 ad
595 3506 658 3543 eam
680 3494 818 3544 rationem
834 3489 974 3563 arijungat
995 3487 1070 3543 hunc
1121 3482 1223 3562 (λόγοι,
1249 3482 1280 3542 id
1304 3496 1348 3540 est
1375 3480 1497 3557 dialogi)
1519 3480 1549 3537 οὒ
1572 3478 1726 3537 παντάπασι
1763 3483 1850 3562 puri<
1872 3505 1898 3540 τι

292 3576 457 3633 rhetoricum
468 3595 546 3632 usum
564 3594 721 3650 maremque
732 3581 1013 3650 exercitationemque
1022 3578 1068 3630 di·
1121 3571 1186 3632 εἰσίν
1206 3570 1330 3650 ἀνάπλεῳ
1346 3568 1391 3628 καί
1411 3569 1538 3646 δισογιῑς·
1556 3565 1602 3624 utel
1619 3564 1650 3625 τδ
1665 3564 1798 3647 optimo
1813 3571 1897 3628 αὐτῶν

293 3668 391 3739 cendi,
408 3669 431 3719 is
439 3670 497 3720 ‚erit
505 3683 600 3732 uerus,
618 3669 642 3718 is
651 3661 805 3737 perfectus,
824 3668 848 3718 is
868 3664 942 3720 saltu
953 3675 1065 3730 orator;
1121 3657 1230 3738 Ιτιρπλς
1240 3656 1286 3717 καὶ
1298 3655 1434 3728 ἀνήδονον,
1448 3656 1507 3714 ἀλλ’
1519 3653 1673 3730 turipum
1684 3653 1841 3735 Ἀφροδίτη,
1854 3655 1898 3715 sai

293 3751 446 3822 triasunt,
468 3750 527 3810 nisi
549 3750 645 3822 fallor,
672 3769 738 3827 quae
759 3749 912 3809 Aristoteli
932 3749 964 3808 in
991 3750 1066 3809 scri·
1121 3745 1234 3825 Χιίριτες
1257 3749 1395 3806 ἐπινοοῦσι
1416 3747 1462 3802 τοῦ
1481 3743 1590 3823 ipsium
1613 3732 1692 3814 εἶναι,
1714 3754 1758 3814 et,
1787 3745 1840 3822 qui
1861 3764 1897 3803 ex

292 3837 397 3899 bentlis
407 3838 533 3916 dialogis
545 3838 668 3917 propria
684 3837 773 3897 luisse
787 3836 859 3895 dicit
868 3836 971 3896 Cicero
987 3837 1068 3913 :pri·
1122 3834 1179 3892 hoc
1203 3835 1250 3894 vel
1275 3833 1366 3893 simili
1391 3833 1511 3891 sortasse
1534 3832 1600 3890 loco
1622 3830 1758 3910 proiecit,
1785 3831 1894 3894 David.

293 3946 380 3997 mirso,
396 3927 461 4005 ejus
470 3926 602 4004 singulos
616 3925 771 4003 dialogose
782 3924 894 3984 duabus
905 3926 988 4003 quasi
1000 3944 1068 4002 par·
1119 3924 1151 3982 in
1169 3924 1266 3999 Categ.
1281 3943 1310 4001 p.
1328 3924 1378 3998 οδ,
1397 3923 1433 3995 Β,
1447 3921 1503 3993 36,
1519 3919 1603 3997 cujus
1623 3917 1713 3978 verbs
1726 3920 1843 3995 egregie
1859 3922 1899 3979 ita

292 4013 371 4074 tibus
391 4014 574 4087 constitisse,
590 4015 671 4073 etita
691 4014 807 4092 quidem
825 4026 857 4072 ut
870 4015 976 4090 cuique
987 4011 1066 4071 libro
1119 4012 1284 4071 emendavit
1300 4011 1442 4087 Bernays‚
1457 4011 1505 4064 dic
1520 4011 1643 4083 Dialoge
1655 4010 1705 4064 des
1718 4013 1892 4076 Aristoteles,

292 4103 515 4179 praemitteretur
530 4102 725 4182 prooemium
751 4102 856 4161 deinde
880 4102 976 4180 ipsum
1000 4101 1068 4159 ilri-
1120 4121 1149 4180 p.
1178 4097 1323 4174 137z’Et
1346 4095 1394 4174 μίν
1416 4103 1470 4161 τοῖς
1490 4097 1646 4174 διτλογικοῖς
1667 4093 1719 4161 τοῖς
1738 4092 1898 4172 Ιίωτιρικοῑς

291 4191 420 4249 stotelem
431 4192 462 4249 in
472 4191 589 4267 dialogo
600 4204 697 4269 partes
705 4192 799 4266 egisse
809 4213 817 4261 ;
828 4202 975 4267 postremo
981 4207 1066 4267 vero,
1119 4187 1204 4269 σσρής
1221 4183 1343 4266 [ἐστιν];
1357 4186 1392 4251 ὣς
1402 4182 1466 4261 πρὸς
1477 4180 1535 4250 τοὺς
1549 4180 1598 4250 liu
1612 4181 1764 4263 φιλοσοφίας
1779 4182 1898 4261 διαλεγό-

293 4278 453 4336 contrarias
466 4277 499 4335 in
512 4277 573 4336 illis
585 4279 741 4336 sententias
754 4277 901 4355 expositas
917 4275 1006 4336 luisse
1017 4296 1066 4335 au·
1120 4298 1213 4354 μενος,
1226 4278 1262 4340 ὡς
1282 4271 1309 4331 il
1330 4273 1358 4329 o
1380 4272 1551 4336 διαλεκτικοῖς
1565 4269 1766 4348 (scribendum
1781 4272 1899 4332 videtur

293 4377 460 4443 ctoremque
473 4366 504 4423 in
518 4385 554 4424 eo
569 4384 585 4423 a
599 4365 732 4438 Platone,
746 4366 897 4424 Arcesilao
905 4365 1068 4442 ceterisque
1119 4364 1294 4442 δισλογικοῑς)
1309 4356 1426 4425 ποικίλος
1443 4358 1501 4423 ταῖς
1521 4356 1678 4434 μιμήσεων,
1689 4357 1841 4438 Ἀφροδίτης
1856 4363 1898 4419 ιν.

292 4451 765 4524 ὃοοιοιίοἰιᾶίνοιειιιιιίιιίιοε,ιιι,
779 4452 926 4531 quidipse
935 4452 1065 4525 sentiret,
1119 4451 1201 4527 νόμου
1220 4447 1392 4527 γίμωνίριο
1413 4466 1448 4504 eo
1471 4446 1549 4524 quod
1571 4446 1680 4506 editum
1694 4444 1897 4528 estt’hppoil-

291 4538 456 4598 ostenderet
472 4539 527 4617 (εί.
545 4538 661 4601 Cic.·de
683 4539 764 4598 Orat.
786 4539 842 4617 ΙΙΙ,
871 4538 1004 4619 moy).
1118 4561 1166 4611 της
1185 4536 1268 4613 ὄνομα
1291 4532 1415 4612 τέμνων)
1444 4535 1490 4593 καί
1514 4533 1630 4615 χαρίτων
1656 4533 1813 4611 ἀνάμεστος.
1845 4538 1898 4597 llis

331 4624 374 4682 Ex
389 4625 434 4684 his
450 4627 520 4685 satis
535 4627 627 4703 liquet
643 4627 725 4685 nullo
740 4627 828 4686 modo
845 4626 965 4707 probari
981 4645 1067 4704 posse
1118 4645 1191 4685 vero
1206 4638 1292 4702 atque
1311 4623 1432 4697 talibus,
1454 4622 1672 4682 luxuriantibus
1694 4627 1777 4701 qtrasi
1801 4624 1897 4684 lausti-

292 4711 1066 4793 allosionuperprolatamopinionemquametsisae·
1117 4714 1190 4785 ltus,
1205 4716 1256 4770 vix
1285 4711 1410 4771 multum
1435 4710 1590 4789 juvamur,
1618 4724 1650 4769 ut
1673 4723 1780 4769 rectam
1808 4727 1895 4792 atque

293 4801 361 4879 pius
372 4801 494 4859 affirmet
507 4801 554 4878 (ci.
566 4822 596 4881 p.
609 4802 645 4860 25
655 4816 683 4861 et
690 4801 787 4883 alibi),
797 4803 881 4862 nullo
890 4814 984 4860 tameo
996 4803 1067 4861 satis
1118 4803 1260 4862 sinceram
1282 4799 1520 4859 Aristoteleorum
1536 4798 1720 4874 dialogorum
1736 4800 1893 4877 imaginem

293 4890 377 4946 lirmo
387 4888 842 4968 argumentoprobat:seilicetin
852 4890 989 4965 dialogis,
1001 4909 1066 4967 quae
1118 4889 1217 4947 animo
1242 4888 1443 4948 informemus.
1469 4887 1542 4945 Ecce
1570 4906 1641 4945 vero
1666 4907 1768 4947 rursus
1799 4893 1893 4949 multo

292 4976 440 5036 Aristoteli
450 4975 627 5043 tribuuntur,
636 4978 782 5037 Socratem
790 4978 886 5056 ipsum
898 4976 1065 5054 loquentem
1119 4975 1340 5055 locupletiorem
1369 4988 1398 5034 et
1420 4975 1606 5051 integriorem
1630 4987 1729 5034 testem
1752 4976 1893 5039 habemus

293 5065 440 5123 inductum
466 5065 564 5125 luisse.
588 5065 655 5123 llaec
678 5067 757 5125 enim
780 5064 933 5136 sententia,
954 5077 986 5124 ut
1002 5065 1064 5142 jam
1118 5063 1302 5137 Ciceronem,
1328 5063 1426 5141 cujus,
1457 5063 1525 5121 lieet
1550 5062 1727 5121 contrarium
1754 5066 1890 5125 nonnulli

293 5173 330 5212 ex
346 5155 497 5213 immutata
513 5153 695 5230 dialogorum
717 5154 841 5223 ratione,
861 5172 920 5213 non
936 5152 1063 5232 amplius
1118 5151 1263 5225 affirmare
1288 5151 1384 5209 conati
1410 5149 1483 5222 sint,
1510 5167 1700 5227 quaecumque
1720 5149 1757 5207 de
1777 5151 1893 5210 Aristo·

290 5242 514 5315 Socraticorum,
530 5242 627 5302 minos
642 5240 806 5320 probabilis
822 5240 868 5313 tit,
883 5240 1063 5321 planeeves·
1120 5240 1186 5300 telis
1213 5238 1331 5299 dicendi
1361 5255 1466 5316 genere
1495 5236 1614 5307 attulit„
1629 5235 1665 5295 ad
1693 5236 1772 5295 solos
1799 5238 1892 5298 dialo-
