3959 5900
252 438 294 497 to
362 495 364 498 ,
798 424 1043 486 ARISTOTELlS
1067 424 1313 487 FRAGMENTA.

251 583 281 624 et
298 570 482 640 intelligentia
503 568 630 638 oriretur,
648 568 678 616 iu
696 580 750 634 quo
772 565 856 615 etiam
870 561 907 614 de
921 565 1027 615 arturis
1081 562 1358 635 quinquestcllurum
1369 562 1611 635 orbescouficmm
1626 581 1709 636 quum
1723 565 1853 619 aelidem

251 663 331 727 σιτρζαι
342 659 455 728 generis
480 663 570 711 esrem
593 660 776 725 qrtoercretur,
798 650 875 703 Zeno
898 649 931 702 id
952 649 1026 702 dixit
1081 651 1201 719 siguum,
1221 644 1639 722 ubiquoudomrimutsueruut,
1656 647 1848 719 unareteruu·

252 764 312 801 esre
326 749 431 817 iguem.
506 749 508 753 ’
1080 747 1142 802 tur;
1169 741 1249 807 cajus
1272 741 1343 790 unni
1360 735 1450 793 hierus
1463 754 1573 791 sumena
1592 748 1636 791 ert
1657 739 1847 808 cataclysmus,

266 826 325 886 vln
340 828 387 887 his
402 827 493 885 multa
506 838 575 884 sunt
591 824 696 902 partim
719 820 758 880 ab
777 820 942 880 Aristotelis
970 819 1025 878 do·
1079 826 1557 897 quumnostridituriouemuocuut,
1571 835 1657 879 restas
1666 836 1761 879 autem
1772 843 1853 899 ecpy·

251 917 360 988 ctrina,
377 914 472 990 qualis
487 922 710 990 repraesentatur
723 909 752 967 in
765 907 850 967 libris
865 907 921 987 qui
937 906 1026 965 hodie
1080 914 1159 982 rosis,
1170 912 1247 984 quod
1256 912 1402 965 cstmumti
1414 911 1585 977 terruerim,-
1599 929 1666 964 rrum
1681 909 1728 965 his
1740 912 1855 967 alte-uis

252 1003 398 1079 leguntur,
412 1002 517 1070 alienu,
534 1000 637 1078 partim
654 998 695 1056 ita
709 997 786 1055 dicta
800 1010 833 1055 ut
847 996 1025 1054 manifestum
1080 1000 1248 1073 temporibus
1264 1000 1382 1054 muudus
1401 1010 1458 1053 tum
1473 1003 1651 1074 err‘guescere
1662 1011 1719 1053 tum
1731 1018 1854 1074 eraque·

252 1091 302 1149 liat
310 1090 480 1148 Ciceronem
493 1106 610 1145 sensum
619 1084 779 1143 verborum
791 1083 956 1144 Aristotelis
967 1102 1026 1140 non
1079 1106 1155 1142 rcere
1167 1089 1289 1145 videtur.

251 1197 367 1258 semper
390 1175 587 1256 perspexisse,
606 1175 716 1252 quippe
729 1173 780 1250 qui
801 1171 873 1250 quid
893 1172 931 1230 sit
950 1170 1027 1250 apud
1121 1172 1313 1231 Censorinum
1329 1172 1360 1230 in
1373 1170 1503 1231 hocloco
1517 1191 1576 1230 non
1587 1171 1755 1230 Aristotelis
1764 1172 1854 1231 verba
1961 1152 1962 1209 ί

251 1266 328 1326 hunc
343 1262 489 1343 ἐντελέχεια
503 1263 683 1341 ignoraverit
704 1262 757 1338 (cl.
776 1260 879 1332 Klotz,
895 1259 926 1320 in
949 1279 1027 1318 com·
1082 1260 1243 1333 hleteorol.‚
1253 1260 1278 1331 l,
1294 1269 1340 1336 ¹4,
1350 1280 1406 1317 ao:
1423 1258 1536 1320 Πυίντιυν
1551 1259 1650 1319 τούτων
1661 1258 1745 1318 uirtus
1757 1262 1854 1331 ίνπολη-
1961 1278 1962 1299 ¹

251 1367 340 1413 ment.
362 1352 398 1412 ad
415 1353 435 1413 Ι.
452 1352 472 1412 Ι.
497 1351 612 1430 Disput.
627 1349 749 1410 Tuscul.
770 1347 802 1421 l,
821 1351 878 1425 ιο).
896 1351 1027 1407 Attamen
1081 1347 1159 1408 πτέον
1172 1346 1213 1406 ὅτι
1220 1348 1337 1425 γίγνεται
1347 1346 1390 1404 διὰ
1399 1346 1500 1427 χρόνων
1508 1345 1684 1427 εἱμαρμένυιν,
1697 1335 1751 1405 οἷον
1765 1350 1791 1407 ἐν
1800 1349 1855 1415 ταῖς
1961 1368 1962 1397 ὲ

250 1460 340 1518 ιριιυοι
370 1440 432 1498 sive
448 1439 512 1517 ipse
532 1438 650 1509 Cicero,
672 1437 735 1496 sive
749 1455 823 1514 quos
836 1434 982 1512 sequitur,
997 1448 1028 1492 ut
1081 1438 1140 1494 κατ’
1155 1435 1270 1494 ἐνιαυτὸν
1286 1435 1365 1515 ὥραις
1378 1432 1492 1514 χοιρίον,
1509 1434 1578 1495 οὕτω
1594 1433 1714 1514 περιόδου
1727 1434 1795 1502 τινδς
1806 1459 1855 1511 ρε-
1961 1454 1962 1513 3

250 1526 391 1586 Phaedrus
405 1526 584 1606 Epicureus,
598 1525 657 1583 alio
679 1543 784 1600 genere
799 1522 944 1582 librorum
960 1523 1025 1601 ple·
1080 1525 1162 1598 γέλης
1182 1523 1264 1601 μέγας
1276 1522 1377 1603 griphi
1390 1521 1436 1582 καί
1448 1522 1580 1603 impiati
1597 1522 1717 1602 ὄρθρων,
1737 1524 1789 1583 sed
1815 1526 1850 1583 li-

249 1636 373 1694 rumque
394 1616 439 1674 usi
453 1634 516 1673 esse
529 1614 667 1673 videntur
683 1632 768 1690 quam
784 1630 858 1689 quus
869 1609 1024 1687 hahemus,
1081 1612 1150 1672 bros
1175 1612 1212 1671 de
1225 1611 1418 1691 Philosophia
1442 1615 1629 1691 excerpsisse,
1656 1610 1855 1671 demonstrare

249 1704 409 1781 praesertim
422 1702 636 1777 verodialogis,
649 1702 691 1758 rei
704 1699 1026 1778 magisconsentaneum
1080 1713 1200 1759 conatus
1215 1713 1258 1758 est
1271 1700 1417 1777 Bernays,
1440 1700 1643 1775 Theophrastus
1654 1698 1768 1769 Schrist
1788 1703 1855 1756 uber

251 1805 322 1870 puto
342 1805 372 1851 et
393 1792 467 1849 hanc
485 1790 522 1848 de
547 1790 651 1867 quinto
676 1790 817 1848 elemento
845 1786 1022 1860 doctrinam,
1079 1790 1125 1844 εἰνὶ·
1140 1789 1359 1864 Froemmigteit‚
1371 1786 1470 1845 Berlin
1488 1787 1613 1864 1866,p.
1633 1807 1697 1860 ¹7⁰·

250 1881 334 1956 cuijus
348 1878 467 1938 nonnisi
486 1878 611 1937 obscura
632 1878 764 1956 quaedam
784 1875 907 1953 vestigia
927 1877 958 1934 in
982 1896 1027 1935 su·
1051 1896 1056 1989 ρ
1392 1920 1426 1976 3¹
1457 1918 1479 1994 ('
1506 1916 1532 1997 c)

251 1966 422 2044 prastaam
447 1967 616 2046 philosophi
637 1966 723 2026 tiaris
746 1966 949 2033 inveniuntur,
971 1966 1025 2039 (cr.
1469 1938 1505 1994 ‘¹9
1536 1959 1542 1973 ·

250 2053 381 2126 Krische,
391 2056 564 2128 Forschung.
573 2054 701 2127 casdem
714 2057 827 2111 Gebiete
835 2056 887 2109 der
896 2056 947 2111 ult.
960 2055 1029 2110 Phi·
1124 2058 1168 2117 Διί
1187 2060 1311 2118 eundem
1331 2058 1480 2134 dialogum
1498 2057 1620 2115 fortasse
1631 2075 1690 2115 non
1710 2058 1775 2115 sine
1788 2055 1856 2133 jusu

250 2144 387 2218 loscplrie,
409 2164 440 2220 p.
453 2144 539 2219 308),
561 2140 683 2202 uberius
702 2142 733 2199 in
743 2141 862 2216 dialogo
881 2138 917 2198 de
929 2139 1027 2199 Philo·
1080 2146 1187 2204 reseras
1207 2144 1288 2223 quod
1313 2145 1445 2221 sequitur
1472 2144 1662 2219 fragmentum
1696 2141 1854 2202 abeodem

250 2230 354 2309 sophia
373 2229 535 2308 expositam
562 2229 650 2287 fuisse
674 2227 824 2286 arbitrari.
844 2227 904 2288 Nec
929 2229 1027 2287 minus
1080 2232 1246 2308 indagatum
1260 2233 1278 2288 l.
1296 2231 1314 2288 l.
1330 2251 1359 2309 p.
1378 2251 1431 2303 ¹¹7
1450 2251 1458 2288 τ

251 2315 892 2394 indeiortassederivutasuntquaedehac
913 2328 1022 2376 retum
1120 2315 1389 2396 Synesiusllio,ad
1399 2318 1506 2376 calcem
1522 2316 1783 2393 ilionisChrysost.
1806 2316 1852 2377 cd.

250 2426 327 2483 saepe
337 2405 515 2482 posteriores
530 2405 671 2476 referunt,
697 2403 774 2463 iuter·
788 2423 863 2482 quos
877 2405 1025 2483 praecipue
1080 2407 1171 2467 llind.
1188 2420 1209 2468 t.
1222 2406 1262 2479 ll,
1287 2426 1316 2484 p.
1335 2405 1405 2476 334,
1420 2406 1438 2463 6
1456 2424 1464 2465 τ
1481 2400 1660 2483 Ἀριστοτέλης
1674 2404 1748 2471 ἀξιοῖ·
1769 2432 1782 2455 ι
1797 2403 1854 2469 τοὺς

251 2492 420 2551 nominandi
435 2506 521 2555 erunt
530 2491 658 2550 loannes
668 2490 799 2550 Stobaeus
812 2505 841 2549 et
853 2494 905 2569 qui
916 2492 1027 2551 Placita
1078 2492 1250 2570 τελουμένους
1264 2496 1294 2552 οὐ
1313 2494 1404 2569 μαθεῖν
1421 2514 1445 2548 τι
1460 2491 1512 2549 δεῖν
1535 2490 1604 2550 atii
1616 2494 1720 2564 παθεῖν,
1736 2489 1854 2563 δηλονότι

250 2579 511 2659 Philosophorum,
527 2578 582 2637 sub
597 2578 745 2637 Plutarchi
765 2579 883 2636 nomine
898 2579 1022 2658 perlata,
1078 2582 1232 2658 γενομένους
1243 2580 1404 2652 ἐπιτηδείους
1425 2607 1436 2633 ν

249 2669 406 2743 congessit,
420 2687 494 2746 quus
514 2686 586 2727 vero
600 2667 753 2725 manifeste
775 2678 898 2739 constat,
915 2667 946 2725 in
964 2668 1025 2727 suis

248 2755 398 2834 Excerptis
426 2756 484 2817 alin
505 2775 623 2834 quoque
648 2754 714 2814 loco
729 2754 785 2831 (cs.
803 2774 894 2832 supra
914 2755 1021 2831 fragm.

223 2913 231 2925 ι
248 2845 297 2918 at)
311 2842 441 2921 quaedam
451 2863 468 2902 e
480 2843 597 2918 dialogo
607 2843 643 2902 dc
658 2840 848 2921 Philosophia
857 2841 1023 2902 tradidisse.

247 2931 291 2992 Cf.
316 2931 424 2992 loann.
440 2930 523 2991 Stoh.
539 2929 640 3007 liclug.
663 2929 783 3009 Physic.
797 2928 822 3002 1,
844 2949 900 3001 au,
917 2951 947 3009 p.
965 2931 1022 2999 486

249 3019 386 3080 lteri-eu:
411 3016 590 3100 Ἀριστοτέλης
604 3021 706 3098 πρῶτον
730 3018 821 3098 αἰθέρα
836 3021 936 3090 ἀπαθῆ,
958 3018 1024 3097 πέρ·

248 3128 311 3165 πτον
322 3129 347 3163 τι
360 3110 453 3180 σῶμα,
466 3108 524 3181 μεθ’
534 3104 562 3163 θν
575 3104 680 3174 παθητὰ
692 3110 759 3184 πῦρ,
771 3104 855 3183 οίέρα,
870 3102 957 3185 ὕδωρ,
978 3128 1023 3164 τε·

249 3191 371 3253 λευταίαν
395 3191 421 3251 δὲ
443 3197 502 3271 γῆν,
516 3194 568 3271 qui
586 3207 615 3251 et
635 3194 694 3252 ulio
716 3194 783 3252 loco
802 3191 831 3264 l,
852 3213 887 3264 a,
911 3213 941 3270 p.
965 3196 1022 3264 64,

251 3280 406 3339 Aristolem
434 3280 577 3360 ipsumsi
596 3279 717 3354 πέμπτον
738 3283 818 3358 σῶμα
840 3300 1025 3359 nuncupasse

247 3369 414 3440 confirmat,
428 3368 506 3446 quod
521 3387 624 3427 revera
637 3388 780 3446 nusquam
796 3389 813 3427 a
829 3367 1022 3447 philosopho,

246 3456 278 3514 iu
291 3455 378 3516 libris
388 3457 506 3534 quidem
517 3455 741 3536 superstitibus,
757 3457 862 3516 lactum
877 3475 940 3515 esse
952 3478 1022 3516 cou-

245 3556 303 3603 stat
315 3545 362 3624 les.
373 3543 510 3623 Spengel,
526 3548 569 3602 De
578 3549 733 3602 Aristotelis·
744 3548 815 3603 libro
825 3548 932 3602 decimo
946 3550 1020 3607 Hist.

248 3637 343 3690 Auiru.
360 3647 389 3690 et
408 3640 512 3691 incerto
523 3646 636 3690 auctore
648 3637 667 3692 l.
684 3632 750 3712 Περὶ
762 3631 873 3710 κόσμου.
887 3632 1020 3691 Heidelb.

248 3720 335 3791 1843,
361 3740 391 3797 p.
407 3719 464 3798 ι4).
488 3718 604 3778 Similia
621 3718 729 3778 hahent
748 3739 866 3797 quoque
894 3718 1024 3779 Pseudo·

246 3806 395 3868 Plutarch.
411 3808 489 3866 Plac.
503 3807 581 3869 Phil.
595 3806 636 3878 ll,
649 3829 665 3879 7
679 3820 707 3866 et
720 3810 832 3867 Atticus
847 3808 925 3887 apud
935 3808 1024 3868 Euse-

244 3892 325 3954 hium
346 3900 471 3976 l'raepar.
488 3895 598 3974 Evang.
616 3895 678 3965 XV,
693 3898 742 3969 38,
757 3916 793 3956 ne
805 3896 842 3956 de
856 3896 894 3955 iis
908 3897 1023 3975 loquar,
1138 3943 1140 3950 .

245 3981 297 4057 qui
320 3983 388 4042 inde
405 3984 529 4062 proiecti
549 3997 629 4057 sunt,
651 3997 682 4043 ut
702 3981 859 4044 absurdam
879 3985 1024 4063 quandam

158 4139 161 4145 .
243 4068 281 4127 de
295 4072 481 4148 providentia
497 4072 598 4131 divina
617 4074 787 4152 opinionem
800 4072 952 4132 Aristoteli
969 4074 1023 4131 tri·

245 4152 379 4228 haerent,
395 4173 427 4217 ut
436 4159 513 4237 apud
524 4159 666 4219 Clement.
684 4160 767 4220 illex.
781 4159 918 4219 stromat.
927 4159 963 4232 V,
977 4170 1023 4232 ι4,

245 4261 276 4319 p.
292 4245 349 4302 252
366 4246 460 4322 Sylh,
478 4247 629 4326 llippolyt.
645 4246 741 4308 lieiut.
755 4268 834 4309 osnn.
849 4248 952 4310 haeres.
971 4248 1021 4321 lv,

248 4349 295 4405 19,
309 4350 339 4408 p.
356 4333 412 4390 352
432 4335 574 4415 Punica,
589 4335 719 4412 aliosque
731 4335 839 4430 ⁸iactum
854 4349 907 4394 est.

563 4468 612 4526 ³0·
631 4463 725 4544 (tub-l

286 4595 463 4655 Censorinus
474 4595 572 4672 Dedie
582 4597 682 4669 natali,
698 4599 743 4669 ιθ,
760 4617 790 4655 rs
806 4602 1022 4676 :Estproeterea

247 4704 348 4757 uuuur,
363 4704 445 4760 quem
466 4688 630 4744 Aristoteles
652 4692 808 4744 rtruuimmu
826 4695 1022 4765 potiusquam

246 4790 379 4847 magnum
384 4776 519 4849 appellat,
532 4793 612 4849 quem
620 4779 689 4831 solis
697 4789 727 4831 et
737 4778 813 4831 truce
825 4796 1019 4852 augurumque

616 4999 653 5045 ³¹.

277 5073 417 5155 Aristotcla
429 5102 534 5167 postulat
549 5105 575 5153 ul
588 5102 629 5166 qui
645 5102 766 5166 mysteriis
777 5101 902 5152 initiantur
922 5114 970 5151 non
983 5100 1022 5151 dl·
1047 5158 1052 5172 .

246 5198 316 5245 scam
325 5192 427 5260 aliquid,
441 5192 484 5244 ssd
495 5192 575 5256 aliquo
585 5191 802 5243 modoalticiantur
817 5194 842 5243 et
856 5190 1022 5256 disponantur,

245 5281 361 5332 mltum
372 5283 400 5333 ut
411 5280 460 5346 apti
471 5280 609 5333 russatus.

1118 2668 1192 2729 Vide
1206 2682 1302 2729 tamen
1316 2666 1417 2728 nehic
1431 2687 1490 2726 non
1502 2667 1538 2726 de
1553 2667 1631 2725 seris
1647 2667 1808 2743 mysteriis,
1825 2678 1855 2724 ut

1079 2756 1205 2818 Lobeck.
1218 2760 1409 2835 Aglaophum.
1423 2778 1455 2834 p.
1476 2757 1529 2827 445
1541 2768 1570 2814 et
1585 2754 1726 2825 lVelcker,
1741 2755 1853 2812 Grieclt.

1081 2848 1263 2918 Gotterlehte,
1279 2859 1300 2907 t.
1324 2844 1363 2915 ll,
1379 2866 1409 2923 p.
1426 2846 1494 2917 536,
1517 2843 1649 2902 arbitrati
1666 2854 1749 2914 sunt,
1764 2840 1854 2900 rerba

1080 2933 1341 3012 leceritSynesius,
1354 2931 1405 2991 sed
1419 2931 1658 3009 simililoquendi
1672 2948 1776 3008 genere
1785 2949 1854 2989 usus

1079 3023 1119 3080 sit
1132 3042 1191 3100 quo
1201 3035 1231 3081 et
1246 3022 1329 3079 multi
1344 3021 1409 3089 ulii,
1426 3022 1504 3080 inter
1517 3039 1593 3096 quos
1608 3019 1736 3078 sufficiat
1761 3019 1853 3076 norisi-

1079 3106 1852 3184 nasse'shemistium,0rat.XXVl,p.319,l),llarsl.,

1080 3193 1265 3274 Simplicium
1287 3197 1319 3253 in
1340 3194 1429 3253 Arist.
1447 3191 1564 3268 Physic.
1589 3191 1610 3250 i.
1626 3212 1643 3247 a
1655 3205 1747 3263 recto,
1763 3190 1851 3249 Jouu·

1079 3303 1144 3342 nem
1161 3283 1357 3360 Philopouum
1372 3282 1403 3339 in
1415 3279 1546 3355 Cutegor.
1564 3298 1596 3357 p.
1613 3279 1662 3349 36,
1679 3278 1713 3350 ll,
1734 3280 1786 3351 38,
1801 3280 1853 3337 its·

1080 3372 1144 3433 vid.
1166 3371 1208 3432 ih.
1223 3392 1252 3450 p.
1278 3393 1328 3444 ορ,
1346 3374 1383 3443 Α,
1399 3389 1450 3441 ao,
1477 3366 1664 3426 Plutarchum
1690 3368 1743 3428 vit.
1764 3369 1847 3428 Alex.

1081 3481 1109 3521 c.
1133 3482 1162 3533 7,
1182 3458 1218 3519 de
1230 3460 1307 3521 Iside
1324 3473 1353 3518 et
1366 3457 1495 3529 Osiride,
1513 3478 1539 3517 c.
1560 3457 1609 3526 18,
1622 3452 1732 3533 quibus
1758 3457 1853 3514 omni·

1078 3548 1135 3609 bus
1147 3569 1209 3607 mos
1222 3563 1266 3608 est
1283 3548 1389 3608 talibus
1397 3548 1441 3607 uti
1456 3546 1556 3606 verbis
1568 3564 1658 3623 quum
1670 3543 1850 3616 interiorem,

1081 3655 1168 3713 apuam
1184 3648 1302 3707 vocant,
1315 3635 1482 3694 Aristotelis
1501 3633 1663 3693 doctrinam
1686 3632 1851 3707 siguificare

1079 3724 1193 3783 volunt.
1222 3722 1266 3782 ct.
1290 3736 1385 3783 minen
1407 3722 1519 3784 Julian.
1543 3722 1624 3782 Orat.
1645 3717 1710 3792 Vll,
1737 3740 1769 3798 p.
1797 3729 1852 3788 440

1080 3810 1178 3873 Petav.

1379 3942 1428 4002 3²·
1444 3939 1538 4019 (lod).

1075 4099 1079 4104 ’
1120 4073 1231 4133 Julian.
1248 4078 1328 4135 Orat.
1346 4071 1410 4147 Vll,
1435 4093 1466 4152 p.
1483 4080 1541 4141 44α
1564 4071 1662 4131 Petav.
1688 4072 1778 4137 τΠιῒνς
1802 4070 1853 4151 gip

1079 4160 1249 4238 clinipulum
1268 4165 1283 4220 θ
1296 4164 1348 4219 τῶν
1362 4164 1428 4219 θεῶν
1443 4159 1540 4219 εἵνεκεν
1554 4161 1590 4225 εἰς
1607 4158 1758 4235 Ὀλυμπίαν
1775 4159 1854 4237 βαδί-

1083 4250 1145 4321 ζων,
1170 4251 1184 4306 ὁ
1209 4253 1246 4326 τῷ
1263 4248 1354 4327 Πυθίῳ
1374 4246 1488 4315 πεισθείς
1504 4246 1551 4307 καί
1569 4246 1747 4328 ριλοσορῆσας
1762 4245 1853 4325 ὥσπερ

1079 4334 1223 4416 Σωκράτης
1239 4335 1363 4413 ὕστερον,
1378 4339 1414 4402 ὡς
1428 4333 1615 4416 Ἀριστοτέλης·
1642 4335 1706 4415 ρησὶ
1730 4333 1783 4414 γὰρ
1808 4336 1853 4394 καὶ

1078 4423 1154 4490 αὐτὸς
1167 4412 1233 4482 εἶναι
1246 4422 1342 4482 Πύθιον
1357 4422 1424 4483 οἶκοι
1435 4426 1498 4505 παρ’
1507 4426 1603 4504 ίαυτῷ,
1619 4424 1676 4483 ὅθεν
1691 4424 1762 4502 αὐτῷ
1775 4424 1850 4494 xcii,

1076 4510 1145 4592 δρρή
1154 4510 1218 4590 πρὸς
1231 4509 1384 4591 ριλοσσρίαν
1397 4512 1508 4591 ἐγένετο,
1520 4511 1558 4589 μὴ
1586 4511 1709 4591 παριέναι
1721 4513 1777 4570 τῶν
1787 4512 1864 4569 ένα·’

1077 4601 1175 4679 κτόρων
1190 4597 1263 4673 tiro,
1274 4599 1320 4658 καί
1342 4599 1415 4676 μέλα
1430 4600 1550 4680 ἀσμένοις
1559 4602 1582 4660 εί
1597 4601 1635 4678 μὴ
1649 4605 1726 4660 τοῦτο
1739 4599 1850 4670 ἐξέκλινα

1076 4686 1106 4744 τὸ
1119 4688 1251 4746 ὑποθεῖναι
1260 4686 1346 4762 νόμοις
1358 4688 1449 4749 ίαυτδν
1462 4688 1507 4749 καὶ
1522 4690 1613 4748 δοῦλον
1628 4690 1760 4769 inopius
1774 4687 1850 4746 πηλς.

1076 4773 1156 4840 τείας.
1171 4773 1250 4834 ltili
1263 4774 1306 4834 tsi
1320 4773 1346 4833 τί
1354 4774 1392 4852 pl,
1407 4773 1503 4848 ταύτην
1517 4768 1574 4836 sius
1585 4775 1634 4848 rhu
1644 4774 1741 4848 αἰτίαν,
1756 4776 1848 4834 ίκτῶν

1445 4997 1484 5043 tt.

1106 5080 1246 5157 assotum
1264 5105 1357 5157 amm
1377 5105 1534 5157 muscum
1554 5119 1581 5156 a
1602 5104 1667 5171 apua
1693 5119 1721 5154 νε
1740 5104 1850 5169 ayruun

1077 5194 1165 5244 trabere
1184 5207 1199 5243 a
1221 5207 1268 5258 quo
1286 5193 1316 5243 ad
1339 5192 1512 5258 philosophiam
1543 5190 1714 5257 mpmscndam
1740 5192 1851 5243 incitatus

1075 5278 1168 5328 luisset.
