3959 5900
429 820 484 858 aur
976 793 1193 851 ruarmo,

430 947 526 1003 tores
547 928 761 1001 scholastici.
792 932 862 997 Nec
892 926 1139 1020 jocosissitnus
1160 926 1198 995 in
1225 923 1295 994 hoc
1324 948 1452 1018 genere
1471 938 1577 1021 poeta
1609 930 1749 993 nostras

430 1054 588 1124 comicus
606 1066 658 1122 est
672 1048 769 1148 apud
787 1074 898 1147 quem
914 1050 1034 1120 nescio
1053 1050 1134 1144 quis
1148 1046 1373 1118 Aristotelem
1392 1047 1428 1117 in
1447 1047 1565 1143 capite
1584 1044 1629 1115 de
1647 1044 1749 1142 pileis

389 1214 392 1219 ·
429 1174 578 1245 laudans
596 1173 792 1245 inducitur.
814 1173 878 1242 Vix
888 1173 1009 1244 minus
1024 1170 1168 1241 ridiculi
1183 1185 1266 1241 sunt
1286 1184 1503 1240 tractatuum
1517 1167 1611 1237 tituli
1625 1164 1749 1262 quales

430 1299 467 1369 in
481 1295 711 1370 bibliothecis
731 1295 852 1367 adhuc
869 1296 1103 1394 reperiuntur
1123 1292 1319 1364 Aristotelis
1331 1316 1463 1364 nomen
1489 1290 1745 1362 ementientes:

428 1419 472 1489 de
487 1427 575 1491 Arte
589 1420 743 1500 nonaria,
765 1417 808 1487 de
821 1417 1064 1489 Conductilras
1076 1441 1262 1513 aquaram,
1276 1415 1319 1485 tle
1335 1417 1550 1487 Ciromantiu
1565 1413 1625 1509 (cl.
1642 1416 1747 1498 ttose,

430 1546 543 1614 Arist.
560 1540 801 1638 Pseudeptpr.,
820 1540 976 1638 plinii),
993 1540 1115 1611 utalia
1129 1539 1203 1610 sive
1220 1538 1429 1634 astrologica
1447 1539 1521 1609 sive
1536 1536 1746 1633 alchymica‚

430 1691 510 1763 quae
527 1666 718 1752 vocantur,
734 1680 885 1736 taceam.
907 1663 1000 1735 Talia
1021 1688 1126 1735 nosse
1142 1687 1270 1735 eorum
1294 1662 1402 1733 relert
1425 1662 1542 1758 quiin
1560 1659 1749 1731 historiam

430 1788 725 1860 scholasticorum
740 1789 942 1885 inquirunt,
957 1812 1042 1859 eum
1054 1810 1226 1881 germano
1245 1811 1331 1857 vero
1345 1783 1533 1856 Aristotele
1549 1782 1638 1855 nihil
1651 1807 1750 1855 com·

431 1935 541 1982 mune
552 1910 703 1985 habent.
719 1919 790 1984 Nee
807 1911 916 2008 magis
929 1911 1121 1982 conferunt
1135 1909 1182 1980 ad
1193 1909 1451 1981 accuratiorem
1466 1906 1672 2004 philosophi
1684 1930 1749 1975 no·

431 2036 547 2106 titiam
568 2061 843 2133 qnaecunqueex
858 2035 1012 2108 arabicis
1030 2035 1246 2133 plerumque
1264 2033 1425 2105 lontibus
1439 2032 1612 2121 derivata,
1627 2030 1749 2101 sivein

432 2157 698 2254 antiquioribus
716 2158 933 2255 quibusdam
956 2156 1177 2231 editionibus
1196 2157 1289 2253 typis
1301 2180 1476 2254 expressa
1505 2167 1602 2240 sunt,
1625 2153 1748 2223 sivein

433 2279 621 2351 codicibus
634 2294 772 2350 exstare
786 2278 969 2350 dicuntur.
986 2284 1032 2349 Ex
1050 2305 1125 2376 quo
1136 2302 1265 2375 genere
1279 2304 1359 2375 quae
1372 2278 1558 2351 notissima
1570 2292 1654 2347 sunt
1669 2274 1752 2346 bre·

435 2403 527 2473 viter
540 2401 601 2472 hic
615 2400 822 2474 recensebo.

482 2529 583 2623 Opus
598 2524 696 2619 quod
716 2523 948 2594 inscribitur:
974 2525 1177 2594 Aristotelis
1197 2525 1279 2596 libri
1295 2532 1382 2597 XIV
1393 2525 1635 2596 deserretr'ore
1645 2539 1753 2620 parte

434 2645 559 2717 divinae
574 2649 760 2743 sapientie
775 2646 966 2717 recaredum
985 2651 1187 2745 AEgypttirr,
1206 2647 1341 2720 additis
1353 2663 1522 2746 praeterea
1539 2649 1596 2719 his
1609 2647 1749 2719 verbis:
1813 2660 1817 2665 ’

435 2774 498 2867 qui
522 2769 617 2839 illius
637 2770 878 2865 metaphysica
907 2795 995 2840 arere
1018 2775 1210 2859 contineat,
1239 2797 1318 2842 cam
1341 2774 1527 2843 Platonica
1554 2798 1683 2869 magna
1709 2798 1753 2840 ex

432 2909 536 2990 parte
557 2894 810 2979 convenientia,
833 2894 1002 2966 ultimum
1019 2894 1156 2967 editum
1174 2910 1229 2967 est
1246 2920 1266 2966 a
1285 2894 1421 2967 Jacobo
1439 2896 1683 2994 Carpentari0,
1699 2896 1754 2966 in-

436 3018 633 3088 lensissimo
653 3017 746 3088 Petri
761 3021 862 3089 Rami
880 3018 1100 3108 adversario,
1116 3021 1263 3091 Lutetiae
1284 3020 1513 3108 Parisiorum,
1533 3044 1568 3089 a.
1600 3018 1702 3116 1571,
1718 3034 1754 3090 et

437 3139 570 3233 exejus
585 3139 744 3211 editione
762 3142 954 3237 repetitum
970 3141 1101 3235 legitur
1123 3143 1159 3213 in
1178 3141 1398 3213 editionibus
1417 3141 1697 3213 Casaubonianis
1719 3155 1755 3212 et

439 3261 671 3332 Davallianis.
694 3263 833 3334 Nullius
852 3278 972 3335 tamen
991 3268 1098 3364 pretii
1116 3265 1210 3337 hanc
1223 3253 1445 3362 Carpentarii
1467 3264 1662 3337 editionem
1680 3289 1757 3336 esse

437 3409 478 3455 ex
498 3384 610 3480 ipsius
626 3386 850 3458 confessione
876 3403 1039 3485 apparet.
1069 3390 1205 3461 Infelici
1221 3390 1319 3461 enim
1342 3390 1462 3460 studio
1488 3387 1661 3487 abreptus
1687 3413 1756 3459 ser·

439 3533 582 3579 monem
597 3508 748 3580 latinum
757 3512 870 3606 paulo
886 3512 1152 3584 tolerabiliorem
1166 3512 1354 3599 reddendi,
1369 3513 1465 3585 idem
1479 3512 1567 3584 illud
1578 3512 1755 3584 commisit

438 3629 538 3727 quod
554 3631 590 3701 in
602 3646 723 3703 vetere
744 3633 906 3704 versione
920 3632 1002 3704 libri
1014 3634 1162 3706 secundi
1175 3636 1506 3707 OEconomicorum
1527 3661 1548 3706 a
1571 3634 1760 3705 [eortardo

439 3754 582 3825 aretino
598 3753 731 3825 lactum
751 3770 826 3826 erat
840 3756 900 3849 (cs.
920 3756 1027 3848 inira,
1047 3784 1084 3856 p.
1109 3757 1212 3853 152),
1230 3758 1346 3854 idque
1363 3782 1479 3853 quum
1502 3782 1620 3854 neque
1637 3781 1758 3828 exem-

438 3877 516 3974 plar
527 3875 710 3948 arabicum
723 3880 935 3977 possideret,
950 3905 1069 3978 neque
1083 3883 1194 3979 ipsius
1207 3880 1334 3975 linguat
1347 3883 1551 3976 cognitione
1563 3882 1758 3952 instructus

439 4015 542 4072 esset.
561 4005 688 4097 ltaque
705 4004 830 4100 siquis
847 4005 883 4074 in
900 4003 969 4075 hos
983 4005 1096 4075 libros
1118 4007 1321 4076 accuratius
1336 4006 1518 4102 inquirere
1540 4006 1673 4104 cupiat,
1691 4004 1758 4074 nisi

438 4121 581 4194 arabice
598 4141 751 4213 exstent,
771 4126 1030 4199 recurrendum
1044 4128 1078 4199 ei
1095 4128 1163 4200 erit
1177 4127 1222 4198 ad
1235 4131 1390 4226 primam
1412 4153 1539 4200 eorum
1563 4128 1757 4200 editionem

441 4270 549 4342 quarn
567 4251 691 4318 Petrus
707 4249 873 4320 Nicolaus
890 4251 1104 4321 Faventinus
1127 4250 1275 4346 quidam
1297 4251 1435 4321 curavit
1458 4256 1578 4322 Romae
1601 4277 1633 4323 a.
1669 4249 1759 4346 1519

442 4368 512 4437 hoc
528 4368 633 4439 titulo
649 4396 657 4437 τ
674 4371 872 4441 Aristotelis
891 4372 1064 4470 theologia
1089 4399 1121 4443 s.
1145 4375 1287 4443 mistica
1303 4371 1551 4469 philosphica
1567 4370 1759 4443 secundant

442 4493 635 4587 AEgypttos
648 4495 781 4562 ntiriter
801 4510 941 4591 reperta
957 4513 993 4565 et
1011 4498 1051 4565 in
1069 4495 1222 4565 latinum
1239 4495 1392 4566 redacto.
1415 4497 1583 4567 Praeiatns
1604 4510 1657 4566 est
1675 4494 1760 4565 huic

442 4610 590 4683 editioni
605 4614 641 4684 iu
663 4617 814 4711 epistola
828 4617 875 4688 ad
888 4622 1043 4691 leonem
1060 4624 1091 4689 X
1108 4619 1312 4690 Franciscus
1329 4624 1464 4697 Roseus
1481 4626 1679 4708 Ravennas,
1697 4620 1761 4714 qui

442 4751 564 4806 narrat
588 4762 626 4809 se
645 4763 758 4835 quum
777 4745 941 4814 Damasci
969 4741 1163 4827 habitaret,
1180 4743 1216 4812 in
1241 4744 1309 4813 hos
1329 4742 1441 4815 libros
1474 4742 1636 4814 incidisse
1669 4767 1761 4838 quos

442 4857 624 4932 Abauema
642 4867 840 4937 saracenus
853 4868 889 4937 in
905 4864 1086 4937 arabicam
1102 4867 1259 4962 linguam
1284 4866 1505 4938 transtulisse
1522 4865 1713 4937 (liceretur.
1734 4869 1761 4935 Α
