3959 5900
614 514 859 637 QUthiSTlONES
880 564 1099 625 HOMERICAE.
1618 572 1676 632 ttu

74 714 143 755 num
158 715 244 774 quarn
260 708 364 755 vocant
375 697 576 773 quaestionem,
593 696 778 774 quamverbo
789 710 849 756 tan·
906 710 981 756 tasse
1004 717 1062 755 non
1076 696 1197 755 omnino
1214 696 1270 755 lide
1285 697 1383 774 digna.
1397 696 1438 756 lta
1460 700 1536 757 enim
1561 701 1592 759 iu
1614 700 1677 761 l'ita

73 798 135 844 turn
143 783 678 861 modoattigitAristotelesinPoetica,
690 786 852 843 accuratius
905 784 1051 842 ilat-ciana
1068 784 1175 860 legitur
1188 805 1218 863 p.
1247 805 1264 841 a
1281 784 1382 844 llobbe
1399 784 1494 853 ιἜως
1509 787 1557 864 μάν
1579 779 1623 847 οδν
1639 787 1679 848 δτι

74 875 139 933 sine
160 874 252 933 dubio
267 886 414 932 tractatam
434 874 525 932 fuisse
541 874 571 931 in
597 873 849 952 deperdita-hujus
905 870 961 938 νέος
974 862 1015 944 ἦν,
1031 870 1078 944 τὴν
1098 875 1150 929 τῶν
1165 872 1306 951 ἐλευθέρων
1323 873 1473 932 ἐπαιδεύετο
1489 874 1621 953 παιδείαν,
1644 880 1679 943 ὡς

74 961 146 1021 libri
167 976 259 1041 parte.
273 963 360 1032 Quod
381 975 478 1020 tamen
493 974 525 1019 ut
539 980 640 1019 vetum
653 962 692 1020 sit
710 961 849 1020 valdeve·
905 960 979 1032 δηλοῖ
998 961 1031 1018 τδι
1046 959 1217 1042 γεγραμμένα
1233 962 1304 1041 αὐτῷ
1316 959 1452 1041 Ὁμηρικδ
1467 962 1625 1038 Ζητήματα,
1635 966 1680 1023 καὶ

75 1069 154 1109 reor.
169 1049 272 1110 Verbis
286 1051 364 1108 euim
381 1049 444 1130 περὶ
457 1053 604 1121 ποιητικῆς,
625 1068 683 1107 non
704 1049 796 1109 libros
816 1052 852 1109 de
905 1052 982 1121 ἠτῆς
998 1047 1106 1113 Ἰλιάδος
1118 1048 1227 1123 ἔκδυσις,
1237 1049 1271 1121 ἣν
1286 1048 1381 1108 δέδωκε
1391 1054 1429 1130 τῷ
1440 1049 1616 1131 Ἀλεξάνδρῳ,
1632 1054 1678 1110 καὶ

73 1141 199 1213 Poetica,
213 1139 263 1199 sed
288 1140 420 1218 ipsorum
440 1138 631 1197 politicorum
648 1150 757 1216 partem
776 1138 851 1197 desi-
905 1141 919 1194 δ
933 1138 993 1216 περὶ
1006 1138 1127 1208 Ποιητῶν
1140 1138 1259 1216 διάλογος
1271 1139 1342 1214 κτλ,
1354 1156 1420 1215 quae
1431 1138 1529 1196 iisdem
1544 1138 1602 1197 lere
1615 1158 1680 1199 rer-

69 1229 156 1372 gnari
165 1241 249 1306 puto,
262 1229 363 1286 eodem
371 1227 457 1306 plane
468 1225 555 1284 modo
567 1239 610 1299 ut,
618 1228 742 1305 exempli
753 1246 850 1302 causa,
903 1225 995 1286 bisin
1008 1226 1097 1285 altera
1110 1247 1228 1305 quoque
1237 1226 1301 1285 Vita
1315 1239 1390 1298 sunt,
1411 1224 1462 1285 ubi
1477 1239 1571 1285 tamen
1586 1248 1616 1307 p.
1631 1249 1681 1301 to,

111 1360 120 1388 ‚
139 1318 169 1388 3,
185 1318 213 1374 δν
225 1325 279 1381 τοῖς
292 1314 352 1396 περὶ
364 1314 413 1386 τὴν
428 1312 640 1396 ἀριστοκρατίαν,
654 1315 718 1374 sire
731 1313 772 1374 ib.
792 1337 825 1373 ra
842 1334 848 1377 :
905 1334 942 1371 aa
955 1317 1118 1383 Westerm,
1131 1335 1189 1373 non
1200 1312 1335 1393 Ὁμηρικὰ
1344 1313 1483 1388 ζητήματα
1494 1316 1544 1375 sed
1556 1315 1679 1399 Ὁμήρου

73 1403 130 1473 Τὴν
143 1406 167 1463 δ’
180 1402 268 1462 αἰτίαν
281 1401 389 1482 ὕστερον
404 1402 431 1459 δν
442 1402 496 1468 τοῖς
510 1400 571 1481 περὶ
583 1401 629 1468 τάς
642 1400 789 1477 μεταθυλδις
800 1404 851 1459 τῶν
905 1425 926 1459 π
928 1401 1085 1481 ροάλήμοιτα
1101 1405 1296 1462 nominantur.
1318 1404 1424 1462 llorum
1445 1404 1587 1464 librorum
1605 1408 1681 1467 titu-

74 1495 213 1552 πολιτειῶν
229 1493 338 1570 δρωμεν
352 1489 488 1563 dicendo,
502 1509 560 1548 non
575 1487 735 1569 peculiares
748 1488 784 1546 de
806 1488 852 1547 his
905 1492 990 1549 lum
982 1503 1023 1548 ita
1044 1492 1128 1550 allert
1148 1491 1235 1550 index
1251 1492 1389 1568 Diogenis
1412 1491 1551 1553 Laeuii:
1570 1493 1682 1576 Ἀπορη-

74 1579 162 1639 rebus
185 1578 279 1638 libros
304 1578 354 1638 sed
384 1578 456 1637 alias
479 1577 670 1636 ΡοΙίῑὶουιιιιιι
696 1589 792 1654 partes
819 1579 850 1634 in

72 1669 171 1727 animo
184 1666 325 1726 habuitr
301 1667 325 1744 (ι
331 1667 353 1743 l.
370 1669 412 1725 Ac
425 1686 494 1725 sane
507 1665 636 1724 dubitari
654 1664 756 1740 nequit
769 1664 851 1741 quin,

73 1770 103 1813 ut
116 1768 224 1835 praeter
232 1755 306 1813 ahos
321 1757 430 1832 optime
444 1753 630 1813 observatum
639 1764 708 1810 esta
723 1772 752 1809 v.
765 1752 800 1809 cl.
815 1751 848 1810 l..

73 1846 211 1924 Spengel,
225 1846 256 1903 iu
266 1844 468 1903 dissertatione
478 1843 514 1901 de
528 1841 693 1901 Aristotelis
707 1840 849 1914 politicis,

75 1936 238 2013 [Abhaudl.
259 1936 312 1991 der
329 1936 365 1994 Il.
384 1935 470 1989 baier.
485 1933 655 2001 Alademie,
672 1942 693 1989 t.
708 1928 746 2005 ΙΙ,
760 1950 788 2006 p.
808 1928 850 2007 9),

73 2026 110 2080 ob
128 2042 164 2080 ea
182 2021 342 2101 praesertim
364 2040 428 2097 quae
443 2039 460 2078 a
475 2019 595 2078 Platone
610 2018 688 2076 dicta
712 2033 790 2089 suut,
817 2018 853 2076 de

74 2124 226 2189 poetarum
242 2110 272 2167 in
288 2108 439 2186 republica
448 2107 573 2166 utilitate
589 2108 710 2184 quaestio
724 2106 754 2163 in
770 2105 852 2163 Poli-

74 2204 199 2258 ticorum
229 2196 316 2255 libris
346 2194 384 2254 ab
410 2194 564 2253 Aristotele
585 2194 699 2251 tractari
719 2192 853 2251 debuerit

74 2289 82 2367 i
89 2290 124 2346 cl.
142 2304 262 2364 quoque
273 2283 428 2358 Jourdain,
441 2282 611 2339 Recltcrcires
622 2302 671 2337 sur
685 2286 725 2338 les
735 2285 854 2338 troduc-

74 2384 144 2434 tions
158 2376 320 2442 d’Arr'stote,
340 2393 371 2449 p.
391 2372 442 2429 181
459 2374 530 2428 :Les
541 2374 619 2427 liures
629 2374 665 2428 de
678 2374 708 2427 la
716 2374 854 2447 Politique

74 2469 198 2523 donnertt
223 2463 312 2520 liettri
329 2481 383 2518 une
402 2481 547 2536 renitetque
567 2462 664 2515 :dous
688 2464 718 2514 la
738 2463 854 2536 piupnrt

74 2558 119 2612 des
143 2559 313 2612 manuscrits
335 2571 371 2608 ort
395 2553 428 2607 lit
442 2564 512 2606 cette
524 2563 588 2605 note
595 2551 711 2624 finale:
733 2548 854 2626 Reliqua

75 2643 158 2718 hujus
178 2641 276 2719 operis
289 2640 320 2697 in
336 2638 438 2697 Graeco
459 2636 587 2695 nondum
604 2636 733 2709 inveni).
748 2633 856 2694 Conse·

76 2734 177 2806 quitur
188 2728 268 2799 inde,
284 2747 318 2785 ea
338 2746 402 2803 quae
415 2724 593 2801 bernaysius
609 2724 795 2801 (Gruudzu'ge
806 2727 857 2780 der

77 2823 171 2877 ocrlor.
183 2818 377 2888 Abltnrullung
385 2817 435 2870 des
443 2819 559 2871 Aristot.
572 2814 640 2868 iiber
653 2813 697 2867 W
695 2812 794 2887 irkuug
804 2815 856 2869 der

79 2907 233 2982 Tragodie,
248 2901 367 2961 lireslau
385 2900 471 2974 1857)
494 2899 529 2958 ad
553 2897 628 2957 hanc
643 2898 805 2958 Aristotelis
819 2899 856 2959 de

79 2995 235 3053 affectuum
250 2991 423 3068 purgatione
437 2987 597 3046 doctrinam
611 2988 757 3066 pertinere
771 2987 852 3047 arbi·

78 3094 168 3141 tratus
184 3092 238 3150 est,
254 3076 430 3155 edeperdita
445 3075 544 3154 potius
555 3075 746 3133 politicorum
760 3090 853 3154 parte,

80 3190 165 3248 quarn
189 3187 225 3225 ex
239 3167 353 3242 integro
368 3165 404 3223 de
414 3164 532 3223 Poetica
549 3162 627 3222 libro
640 3163 765 3231 fluxisse,
786 3165 854 3236 nisi,

80 3258 156 3337 quod
170 3257 311 3314 minorem
326 3251 697 3312 sortasseverisimilitatem
711 3252 807 3325 habet,
819 3253 854 3311 ad

80 3346 225 3421 dialogum
241 3343 277 3401 de
291 3342 386 3400 Poetis
406 3339 560 3399 reserenda
583 3354 661 3399 sunt.

237 3513 478 3572 AllOPllhiA'l'A
500 3511 687 3570 Ohllll‘lKA.

119 3675 161 3733 lie
173 3674 334 3732 llonrericis
343 3673 509 3732 Aristotelis
518 3673 623 3732 studiis
638 3675 685 3750 (ci.
695 3675 855 3734 ll.Wachs·

82 3761 179 3831 muth,
208 3764 251 3816 De
281 3762 438 3816 Aristotelis
463 3763 558 3816 studiis
586 3764 741 3817 Homericis
758 3770 855 3838 capita
912 3781 920 3802 ³

78 3854 190 3906 selecta.
212 3846 307 3905 llerol.
328 3846 424 3920 1863),
437 3845 519 3905 locus
532 3860 574 3905 est
593 3867 678 3924 quem
691 3848 751 3924 jam
768 3868 857 3927 supra

80 3937 229 3996 attulimus
252 3935 356 3993 Dionis
377 3932 591 4011 Chrysostomi,
611 3937 641 3993 in
655 3935 794 3995 Oratione
819 3937 856 3997 de

82 4024 199 4084 llomeri
224 4021 360 4082 laudibus
376 4023 416 4081 ita
434 4023 558 4081 dicentis
575 4023 625 4083 Or.
650 4023 728 4096 Llll,
751 4045 780 4103 p.
797 4026 854 4098 634

84 4111 212 4191 Empem
231 4111 285 4170 Καὶ
293 4108 325 4181 δὴ
336 4110 381 4168 καλ
391 4110 470 4172 αδτδς
485 4108 676 4187 Ἀριστοτίλης,
696 4103 780 4185 άφάθ
791 4114 855 4193 φασδ

84 4201 128 4272 την
149 4197 269 4278 κριτικήν
284 4222 312 4257 τι
331 4199 377 4258 καὶ
396 4198 583 4277 γραμματικὴν
607 4196 692 4278 ἀρχὴν
712 4199 814 4273 λαθεῖν,
828 4201 856 4257 iu

85 4292 187 4356 πολλοῖς
200 4287 329 4366 διαλόγοις
342 4286 403 4369 περὶ
416 4293 462 4346 τοῦ
473 4292 582 4359 ποιητοῦ
597 4286 700 4356 διέξεισι
715 4289 855 4365 θαυμάζων

87 4376 159 4434 αὐτὸν
171 4379 208 4443 ὡς
222 4375 253 4434 τδ
265 4374 332 4434 πολὺ
347 4376 392 4434 καλ
411 4380 511 4451 τιμῶν·
526 4376 565 4434 ἔτι
582 4399 611 4434 τε
625 4375 671 4435 καλ
684 4374 857 4456 Ἡρακλείδης
908 4395 916 4418 ’

88 4464 250 4540 δΙΙοντικδς,
273 4463 371 4522 τούτοιν
385 4462 413 4523 di
436 4463 560 4564 πρδτερος
584 4464 700 4524 Πλάτων
720 4486 855 4543 πανταχου

41 4551 225 4640 μέμνηται,
240 4553 383 4630 quaelicet
396 4552 542 4630 praecipue
556 4551 638 4610 illum
660 4572 768 4611 morem
789 4553 855 4632 phi·

41 4627 196 4736 ρΙοεορΙιί
210 4652 350 4719 spectent,
363 4659 422 4717 quo
434 4658 500 4697 eum
511 4650 539 4697 et
556 4639 585 4697 in
603 4638 806 4717 superstitibus
819 4641 856 4698 li-

42 4699 147 4784 bris
161 4747 244 4787 trsurn
258 4747 321 4787 esse
335 4739 461 4797 constat,
475 4738 507 4784 ut
520 4745 572 4784 ver
573 4728 611 4784 ba
632 4727 742 4785 scilicet
763 4740 856 4806 poetae

44 4877 45 4880 ρ
43 4807 193 4893 ubique
209 4817 330 4887 aflerat,
343 4827 375 4875 ut
392 4835 426 4873 ea
437 4816 500 4874 sive
516 4815 684 4874 illustret
661 4834 724 4873 stre
742 4816 771 4873 in
787 4836 855 4876 suos

44 4919 46 4964 t
93 4919 156 4961 usus
171 4918 329 4978 convertat,
344 4918 437 4964 tamen
451 4914 479 4959 et
492 4922 590 4961 curato
607 4923 692 4981 quam
712 4917 741 4961 et
759 4905 789 4961 in
806 4924 856 4963 re-

45 4971 47 5050 i
94 4993 229 5051 censenda
243 4992 334 5051 Iliade
353 5005 382 5051 et
396 4996 426 5050 in
439 4989 620 5067 explicandis
639 4991 856 5051 difficilioribus

94 5092 179 5150 poeta
190 5081 261 5140 locis
276 5082 408 5159 posuisse
418 5080 698 5157 dicitursignificare
708 5080 855 5139 videntur.

97 5162 135 5221 Dc
148 5186 203 5244 qua
222 5171 397 5248 posteriores
408 5169 492 5248 plura
512 5180 704 5227 narraverunt
720 5169 774 5227 etsi
789 5168 855 5227 sor-

98 5318 198 5432 ni'iflqh
206 5320 401 5376 exemplunm·
410 5321 516 5378 quanm
526 5320 579 5365 addi
592 5322 702 5375 mount:
713 5319 744 5365 ct
753 5321 771 5373 1
782 5328 803 5373 s,
817 5324 854 5375 ιι;

167 5473 308 5515 tstsrmut
325 5470 382 5506 iol.
397 5473 430 5508 ll'.

905 1578 996 1654 μάτων
1007 1576 1196 1657 Ομηρικῶνα
1198 1577 1277 1658 β
1251 1603 1268 1657 γ
1286 1602 1301 1638 ο
1323 1603 1337 1638 ε
1337 1578 1383 1648 ”ζ
1398 1593 1426 1638 et
1441 1581 1499 1639 leti
1515 1582 1682 1686 discrepan-

907 1668 948 1725 tia
956 1671 1127 1744 Anonymus
1143 1666 1333 1748 Ἀπορημάτων
1345 1666 1547 1749 Ὁμηρικῶνά
1558 1669 1629 1730 ln
1602 1690 1682 1752 ejus-

905 1754 969 1812 dem
981 1755 1161 1833 appendice
1152 1770 1256 1814 uerum
1268 1769 1451 1815 recensentur
1460 1772 1488 1816 et
1498 1773 1602 1838 praeter
1609 1782 1642 1820 ea
1651 1764 1684 1821 ti·

906 1843 959 1901 tuli
970 1844 1006 1901 de
1018 1844 1124 1918 quibus
1135 1847 1215 1904 nulla
1229 1845 1306 1924 apud
1315 1846 1404 1905 alium
1415 1847 1561 1923 quendam
1574 1854 1685 1911 mentio

906 1935 1075 2012 repetatur:
1091 1933 1260 2015 Ἀπαρηματα
1273 1933 1395 1994 Ησιόδαυ
1412 1936 1483 1995 ἕν’
1457 1960 1495 2008 α,
1509 1936 1680 2020 Ἀπορηματα
1738 1958 1741 1963 “

906 2018 1234 2132 Ἀρχιλόχου,Εὐριπι’δου,
1244 2024 1312 2102 Χυιρ
1314 2022 1565 2104 ἴλυυδνβιάλίοιςγᾏ
1572 2030 1681 2107 Ἀπορη-

908 2108 998 2184 μάτων
1014 2131 1157 2182 ποιητικων
1168 2137 1185 2170 α
1186 2111 1309 2184 ’,Αἰτίας
1322 2112 1520 2192 ποιητικάς,Πρ
1522 2114 1681 2192 οθλημάτων

907 2194 1088 2276 Ὁμηρικῶν’
1072 2222 1081 2256 ι
1089 2242 1099 2271 ,
1113 2218 1187 2275 quos
1200 2197 1315 2258 eosdem
1330 2196 1424 2258 libros
1441 2201 1575 2260 nominat
1594 2205 1681 2262 etiarn

908 2284 1205 2345 Dschemaluddinus:
1220 2289 1551 2360 Quoestionesdehlonreri
1559 2295 1683 2347 versibus

907 2382 1032 2432 maxime
1039 2377 1187 2432 reconditis
1201 2377 1265 2431 libri
1277 2378 1318 2433 X.
1332 2374 1403 2434 Inde
1413 2373 1483 2433 duas
1498 2376 1682 2439 collectiones

908 2462 1051 2522 exstitisse
1061 2462 1293 2540 conjicerelicet,
1302 2483 1423 2541 quarum
1433 2463 1682 2541 antiquiorem,ex

908 2550 1106 2611 Alexandrino
1127 2551 1263 2628 quodam,
1277 2564 1310 2609 ut
1327 2552 1454 2621 videtur,
1481 2557 1680 2629 grammatico,

908 2640 1028 2698 laudant
1047 2639 1231 2718 Phrynichus
1247 2660 1276 2718 p.
1288 2641 1345 2698 aab
1360 2638 1406 2698 ed.
1425 2638 1552 2704 Lobcclr.
1575 2657 1603 2700 et
1622 2649 1681 2702 An·

908 2728 1068 2787 tiatticistes
1082 2729 1113 2786 in
1127 2727 1247 2787 bekkeri
1272 2727 1398 2787 Auecdd.
1415 2738 1434 2784 t.
1452 2725 1476 2785 l.
1492 2747 1523 2805 p.
1540 2729 1577 2798 34
1593 2728 1682 2808 Ὁμή-

910 2837 954 2895 ρου
975 2814 1135 2893 άπαρήματσ
1161 2815 1224 2874 sive
1240 2812 1375 2894 Ὁμηρικὰ
1394 2812 1565 2892 Ἀπορηματα
1585 2819 1684 2895 appel-

909 2903 1011 2963 lantes.

950 2990 1011 3050 Etsi
1034 3011 1104 3048 vero
1128 2990 1261 3049 neutrius
1284 2990 1389 3049 horum
1414 2988 1561 3049 librorum
1581 2993 1683 3053 titulus

909 3078 981 3137 alibi
993 3078 1142 3147 asseratur,
1156 3078 1275 3135 minime
1284 3077 1488 3137 tamendubito
1496 3079 1568 3156 quin
1576 3096 1613 3135 ex
1623 3078 1684 3138 illis

910 3167 1064 3245 desumpta
1075 3166 1144 3239 sint,
1163 3186 1229 3243 quae
1243 3166 1307 3224 solo
1321 3165 1485 3225 Aristotelis
1504 3166 1623 3224 nomine
1636 3187 1683 3246 ap·

910 3257 1007 3335 posito
1020 3258 1056 3314 de
1068 3254 1249 3333 quarundam
1260 3255 1482 3314 homericarum
1492 3257 1683 3333 questionum

910 3344 1055 3403 solutione
1072 3344 1135 3401 sire
1149 3342 1226 3421 apud
1240 3342 1410 3402 Strabonem
1425 3343 1488 3401 sive
1500 3344 1577 3421 apud
1597 3346 1684 3403 Athe·

910 3451 1003 3491 naeum
1016 3431 1152 3507 leguntur
1168 3431 1216 3510 [ci.
1240 3431 1316 3489 inira
1330 3432 1361 3489 in
1384 3431 1579 3507 fragmentis).
1599 3432 1684 3500 Quod

911 3520 1002 3579 multo
1011 3521 1097 3578 etiam
1113 3520 1220 3577 certius
1230 3518 1266 3577 de
1273 3518 1428 3578 Plutarcho
1443 3518 1586 3576 affirmare
1601 3522 1680 3586 licet,

911 3620 1023 3666 tanturn
1034 3628 1092 3665 uon
1103 3607 1197 3686 ipsum
1207 3605 1276 3665 libri
1289 3607 1402 3665 tituhun
1416 3607 1583 3684 apponenti,
1592 3627 1681 3682 ιγιιιιιιι

911 3694 973 3753 Non
984 3713 1070 3773 posse
1081 3695 1208 3752 suaviter
1224 3693 1284 3751 vivi
1294 3712 1351 3751 sec.
1366 3696 1485 3770 Epicur.
1498 3714 1522 3750 c.
1542 3713 1574 3749 ra
1589 3694 1681 3751 dicat:

916 3782 980 3840 Ἀλλ’
1000 3779 1051 3840 lto
1062 3803 1092 3857 γι
1109 3778 1167 3846 τοὺς
1183 3778 1421 3844 ἀπολαυστικοὺς...
1436 3770 1482 3837 eis'
1492 3778 1565 3855 ἄγειν
1575 3780 1683 3859 ἀφροδί-

909 3891 953 3926 σια
967 3871 1014 3927 τοῦ
1037 3867 1094 3946 βίον
1119 3866 1164 3924 καλ
1179 3866 1330 3945 μεθεόρτους
1346 3867 1427 3930 καλλς
1451 3868 1476 3923 ἐν
1491 3864 1615 3945 ἱστορίαις
1635 3866 1683 3923 καὶ

910 3955 1045 4034 ποιήμασι
1059 3954 1239 4035 διατρίθοντας
1259 3953 1276 4024 ἢ
1299 3952 1469 4034 προθλήμασι
1485 3953 1618 4028 μουσικοῖς
1637 3955 1682 4013 καὶ

911 4052 1112 4125 γεωμετρικοῖς·
1127 4045 1156 4102 οὗ
1172 4041 1223 4121 γδιρ
1238 4043 1268 4100 διν
1285 4043 1396 4112 ε’πῆλθεν
1411 4043 1496 4108 αὐτοῖς
1509 4044 1544 4110 εἰς
1564 4046 1622 4100 νοῦν
1636 4046 1683 4119 βα-

907 4134 999 4193 λέσθαι
1020 4131 1066 4198 τδις
1079 4130 1177 4211 τυφλδις
1188 4134 1288 4196 ἐκεῖνος
1302 4129 1347 4189 καλ
1365 4129 1450 4197 νωδδς
1463 4130 1627 4212 ψηλαφήσεις
1638 4132 1683 4190 καὶ

908 4218 1086 4293 δπιτηδεάσεις
1108 4223 1153 4276 τοῦ
1177 4217 1322 4277 ἀκολάστου
1348 4219 1542 4295 μεμαθηκόσιν,
1565 4222 1588 4279 tl
1600 4217 1681 4291 μηδὲν

908 4309 984 4384 άλλο,
1002 4306 1108 4387 γράφειν
1128 4305 1188 4386 περὶ
1199 4305 1321 4386 Ὁμήρου
1332 4306 1376 4366 καὶ
1403 4307 1464 4386 napi
1480 4307 1620 4386 Εὐριπίδου
1645 4311 1680 4376 ὡς

919 4392 1150 4473 Ἀριστοτέλης
1171 4396 1217 4453 καὶ
1242 4392 1416 4473 Ἡρακλείδης
1440 4395 1484 4453 καὶ
1508 4394 1677 4475 Δικαίαρχος.

907 4483 962 4541 Cui
988 4481 1053 4540 loco
1081 4481 1152 4540 alter
1174 4481 1285 4539 accedit
1309 4484 1396 4559 paulo
1420 4482 1526 4540 inira
1518 4502 1548 4541 ιιι
1579 4482 1680 4541 eodem

908 4569 1078 4677 liluoapud
1104 4569 1290 4628 Plutarchum
1317 4571 1471 4648 positusc.
1496 4573 1557 4629 13:
1576 4571 1611 4631 Τί
1636 4572 1679 4631 λά-

908 4682 977 4766 γιις,
1000 4681 1022 4715 ω
1045 4656 1201 4735 Ἐπίκουρε,
1224 4657 1375 4737 κιθαρῳδυιν
1397 4655 1442 4715 καὶ
1468 4660 1587 4728 αὖλητων
1601 4659 1681 4716 ἕωθεν

909 4746 1105 4825 ἀκροασάμενος
1119 4742 1202 4810 εἶς
1179 4766 1209 4801 τυ
1229 4743 1336 4825 θέατρον
1354 4744 1475 4822 βαδίζεις,
1489 4747 1526 4803 δν
1538 4744 1565 4803 δλ
1580 4768 1682 4821 συμπο·

907 4833 957 4891 σιίι
981 4831 1153 4913 Θεοφράστου
1178 4855 1227 4910 περ
1227 4831 1238 4889 l
1214 4835 1410 4913 ρσυμφωνιῶν
1427 4833 1610 4909 διαλεγομένου
1635 4834 1680 4892 καλ

908 4918 1083 5001 Ἀριστοξένου
1097 4943 1157 5029 περι
1147 4918 1326 4999 μιταθολῶν
1345 4920 1390 4979 καλ
1402 4918 1601 5001 Ἀριστοφάνους
1617 4921 1678 5002 περὶ

909 5008 1031 5117 Ὁμήρου
1046 4996 1120 5066 ιδ’
1101 5031 1157 5066 ωτα
1172 5008 1316 5089 καταληψῃ
1330 5015 1388 5075 ταῖς
1404 5009 1481 5089 χερσὶ
1503 5007 1679 5089 δυσχεραίνων

908 5120 955 5156 και
944 5095 1184 5176 βδελυττόμενος,
1202 5096 1255 5155 ubi
1275 5115 1329 5175 pro
1344 5095 1546 5176 Ἀριστοφάνους
1565 5094 1681 5171 egregie

907 5185 1070 5244 emendarit
1088 5183 1279 5266 Ἀριοτοτελους
1301 5183 1451 5257 Nauck,
1442 5204 1473 5243 ιιι
1494 5181 1678 5259 Aristophan.

908 5273 1025 5349 Byzant.
1048 5292 1077 5350 p.
1096 5282 1152 5344 at,
1181 5273 1218 5330 cl.
1244 5274 1344 5333 llhetrr.
1368 5276 1446 5332 Mus.
1469 5276 1506 5331 N.
1526 5274 1560 5329 F.
1580 5281 1601 5329 t.
1618 5268 1678 5336 tlt,

910 5381 973 5440 p
959 5360 1027 5425 dha.
1045 5358 1174 5418 Eundem
1194 5380 1302 5420 morem
1319 5360 1426 5419 librum
1453 5357 1551 5437 potius
1570 5358 1680 5435 signill-
