3959 5900
739 484 745 501 '
757 482 1017 547 RESPUBLICAE.

72 641 140 681 rum
156 633 280 699 uterque
295 632 410 679 centum
426 631 455 677 et
471 617 663 697 quadraginta
677 630 743 677 octo
757 617 847 677 luisse

71 710 210 769 affirmat.
224 708 320 769 Ceteri
330 726 430 767 omnes
445 707 512 785 plus
524 707 794 766 minusvevsriant.
805 705 849 764 lta

70 799 153 857 enim
170 798 202 856 in
214 796 280 856 viss
297 794 575 856 Pseudo-Ammonii
596 792 649 853 σνι’
670 792 848 866 indicantur,

70 906 88 945 a
104 906 167 963 quo
178 904 299 944 numero
309 903 368 942 non
382 882 505 941 multum
517 881 652 940 dissentit
664 895 747 941 retus
760 882 851 941 inter-

71 993 141 1052 pres
168 972 274 1032 latinus
293 974 436 1029 historiam
465 971 646 1026 ducenlamru
664 984 692 1027 et
711 976 850 1046 quiuqua-

68 1068 156 1139 ginta
176 1064 339 1138 politium
361 1057 499 1130 afferens,
522 1056 609 1117 sicuti
630 1056 668 1116 ab
695 1057 851 1135 Anonymo

72 1167 193 1227 qnoque
205 1147 321 1224 Proleg.
334 1148 367 1206 in
380 1145 490 1207 Philus.
504 1145 583 1224 apud
596 1145 704 1208 Brund.
720 1166 752 1225 p.
767 1167 798 1223 9,
813 1146 849 1221 B,

71 1240 111 1295 26
130 1239 236 1297 lactum
259 1249 313 1297 est.
342 1235 435 1295 Paulo
461 1234 574 1294 caridus
603 1233 681 1313 apud
707 1234 849 1294 loannem

72 1325 272 1405 philoponum
287 1325 320 1383 in
335 1324 434 1400 Categ.
450 1343 482 1402 p.
497 1323 547 1401 39,
559 1322 594 1395 B,
611 1344 646 1400 ¹9
660 1341 668 1383 ι
685 1322 754 1403 ἀμφὶ
769 1321 816 1392 τὰς
828 1322 850 1379 ν’

70 1413 117 1472 καὶ
132 1412 267 1480 διακοσίας
278 1412 389 1473 dictum
402 1424 458 1472 est.
473 1410 568 1487 Magis
578 1410 666 1470 etiam
682 1411 851 1489 discrepant

74 1500 205 1561 Arabum
221 1504 351 1574 numeri,
366 1518 495 1578 quorum
518 1499 591 1557 alter
610 1496 853 1558 llschemaluddi-

72 1610 131 1650 nus
145 1593 182 1648 de
200 1602 309 1647 renuens
325 1603 355 1646 et
366 1594 546 1665 septuaginta
565 1608 623 1645 uua
640 1587 789 1665 loquitur,
812 1587 852 1644 al·

72 1679 131 1738 teri
143 1697 216 1737 vero
233 1676 362 1737 Hadschi
384 1674 511 1749 Khallae,
532 1675 644 1755 duplici
658 1694 761 1734 errore
774 1673 852 1753 apud

73 1765 295 1836 hermionium,
321 1763 514 1840 Bibliotldque
534 1766 683 1832 orientale,
717 1782 749 1841 p.
782 1783 851 1840 971,

69 1868 185 1911 centum
204 1867 233 1910 et
244 1858 400 1928 mnogtura
419 1871 487 1922 una,
507 1850 585 1929 apud
600 1848 761 1925 Fliigelium
779 1869 852 1909 uero

70 1947 255 2018 sepmagiuta
268 1961 325 1997 uno
337 1937 516 2000 tribuuntur.

113 2028 197 2086 'l'alis
211 2041 254 2086 est
268 2030 298 2083 in
312 2026 359 2085 his
378 2044 568 2087 numerorum
588 2023 753 2097 dissensus,
769 2036 802 2083 ut
820 2024 852 2083 iu

70 2137 108 2175 eo
135 2135 189 2194 per
216 2112 410 2173 librariorum
444 2113 650 2189 negligentiam
677 2112 850 2190 explicando

75 2204 161 2261 lacile
176 2203 361 2280 acquiescere
373 2200 536 2278 pessime,
552 2199 578 2258 si
595 2200 752 2273 concedas,
768 2201 852 2259 anti·

73 2312 135 2368 quo
146 2290 209 2369 jam
222 2308 334 2359 errore,
348 2288 487 2347 ducentas
505 2286 580 2347 male
597 2307 652 2366 pro
671 2302 786 2348 centum
801 2308 852 2367 po-

72 2380 145 2438 sitas
162 2378 260 2438 luisse.
276 2376 377 2454 ltaque
397 2396 455 2435 non
471 2395 546 2454 opus
558 2388 621 2448 est,
639 2388 671 2434 ut
686 2395 752 2434 cum
767 2375 854 2434 Nun-

74 2467 176 2540 nesio,
208 2466 241 2525 in
275 2465 351 2524 notis
376 2464 413 2523 ad
445 2467 540 2521 Vitam
562 2468 733 2537 Aristotelis,
757 2462 850 2538 Lugd.

75 2554 177 2613 Batav.
206 2556 294 2623 1621,
321 2573 349 2631 p.
376 2573 431 2628 97,
455 2551 590 2629 Menagio
618 2553 655 2611 ad
694 2552 853 2628 Diogenem

78 2642 230 2701 Laertium
253 2640 288 2712 V,
316 2661 363 2713 17,
387 2639 553 2708 Grashosro,
573 2641 739 2714 Philologus
763 2652 784 2697 t.
802 2638 852 2711 lv,

78 2743 108 2799 p.
127 2724 200 2799 268,
220 2720 257 2778 dc
277 2718 411 2790 Politiis,
437 2719 535 2776 nescio
562 2716 683 2794 quibus,
702 2717 852 2777 Aristoteli

76 2809 151 2867 laiso
185 2806 340 2886 adscriptis
362 2807 533 2882 cogitemus.
560 2806 646 2875 Quod
672 2805 790 2883 quidem
817 2820 850 2865 ut

77 2896 207 2956 lacerent
223 2895 258 2954 iis
268 2911 354 2952 causa
365 2892 418 2951 luit
430 2890 611 2971 Simplicius,
626 2892 703 2972 apud
716 2912 803 2973 quem
819 2894 850 2953 in

78 2984 203 3042 Aristot.
213 2981 347 3057 Cetegor.
361 2980 413 3040 lul.
426 3001 471 3058 ιγ
483 2979 531 3039 ed.
544 2979 646 3053 Basil,
662 3001 694 3060 p.
708 3001 756 3061 ²7,
766 2981 803 3053 A,
815 2982 852 3050 43

76 3068 187 3129 Brund.
200 3067 262 3126 hacc
276 3067 413 3144 leguntur
430 3088 436 3124 :
454 3068 540 3137 Δῆλον
554 3067 581 3125 δὲ
595 3069 652 3143 (οε.
669 3067 853 3126 Aristotelem

78 3157 373 3236 perspicuaoratione
382 3158 548 3234 usumesse)
558 3154 603 3214 κοιλ
617 3146 686 3224 iilis
701 3160 726 3215 lu
736 3146 853 3221 σῖςέδου·

77 3245 146 3316 λήθη
162 3243 314 3324 σαφέστατα
329 3241 460 3319 ἐδίδαξεν,
478 3251 513 3310 ὼς
527 3245 554 3302 ἓν
575 3253 629 3312 τοῖς
647 3241 794 3322 Μεισώροις
809 3242 854 3302 καλ

76 3336 129 3401 τοῖς
143 3336 269 3401 Τοπικοῖς
278 3332 513 3413 κοιλταῖςγνησίσις
525 3333 605 3390 αὐτοῦ
613 3333 775 3411 Πολιτείσις,
786 3331 854 3413 ἅπερ

78 3421 122 3479 διὰ
135 3421 166 3481 τὸ
181 3421 325 3500 κοινότερον
343 3423 394 3479 τῶν
409 3420 586 3502 θεωρημάτων
600 3420 758 3502 σαφέστερον
768 3424 855 3499 diraq-

77 3505 374 3582 periurissimum
388 3508 514 3566 δύνασθαι
523 3510 612 3586 σαφῶς
621 3511 703 3567 εἰπεῖν
712 3510 787 3580 δηλοῖ
801 3511 855 3587 psi·

78 3594 247 3653 luctuosius
261 3590 428 3651 Ἐπιστολῶν
446 3594 523 3650 αὐτοῦ
537 3594 689 3674 χαρακτήρ.
707 3595 742 3653 ln
751 3596 798 3654 his
811 3598 856 3656 vi·

79 3682 156 3740 tium
170 3679 289 3757 aliquod
303 3681 399 3738 inesse
417 3681 529 3759 optimo
544 3700 613 3738 saue
629 3681 699 3758 jure
718 3684 856 3761 suspicati

76 3783 147 3828 suut
157 3786 223 3826 cum
233 3766 374 3839 ldelcrus,
388 3770 439 3846 qui
454 3771 484 3828 in
495 3769 606 3847 praelat.
620 3769 656 3828 ad
667 3770 788 3833 Aristot.
797 3772 856 3831 Me·

80 3856 184 3915 teorol.
202 3868 223 3913 t.
242 3855 265 3928 l,
276 3877 304 3934 p.
319 3852 389 3929 ΧΠ,
406 3876 436 3914 ιι.
463 3865 499 3924 lo
523 3876 626 3934 parum
644 3857 766 3916 feliciter
779 3856 856 3918 Ἐπι·

81 3945 186 4012 σιολιιῖς
200 3943 336 4022 conjecit,
353 3957 412 4004 tum
425 3944 582 4017 Nauckius,
595 3947 769 4025 Philologus,
783 3961 804 4006 t.
821 3948 856 4025 V,

83 4053 113 4109 p.
129 4036 187 4091 680
198 4053 252 4110 sq,
265 4032 445 4092 lenissimam
455 4051 597 4093 ueroesse
607 4033 781 4095 medicinam
797 4056 857 4096 non

83 4133 303 4199 perspexerunt.
312 4122 464 4180 Molestum
473 4121 551 4179 enim
566 4121 645 4181 istud
655 4121 777 4201 γνησίοις
784 4123 859 4202 quid

86 4207 164 4266 aliud
186 4226 247 4266 esse
270 4208 379 4287 poterit
397 4228 485 4287 quam
511 4207 566 4289 ρνη’
578 4210 720 4286 Diogenis
738 4224 766 4269 et
781 4213 859 4270 Ano·

86 4296 165 4371 nymi
180 4298 256 4356 nsale
267 4316 324 4375 pro
338 4297 512 4376 compendio
528 4297 673 4372 habitum,
689 4298 726 4358 de
738 4320 798 4378 quo
812 4319 859 4376 ge·

87 4406 154 4446 nere
171 4407 304 4446 errorum
335 4388 373 4448 cl.
395 4388 504 4465 Cobet,
532 4394 628 4448 Variae
650 4394 738 4450 Lecta
761 4389 856 4468 Lugd.

88 4471 182 4535 Batus.
208 4474 294 4547 1854,
309 4495 340 4553 p.
361 4496 423 4535 sss.
436 4476 476 4556 (ι)
491 4476 607 4538 Nullum
622 4478 713 4555 igitur
730 4478 791 4556 jam
806 4498 859 4537 ex-

86 4573 140 4619 stu
151 4561 296 4642 Simplicii
319 4565 518 4623 testimonium
531 4565 569 4625 de
582 4566 777 4645 supposititiis
792 4569 861 4628 Ari·

89 4650 194 4710 stotelis
222 4650 345 4709 Politiis.
368 4653 440 4721 Quae
472 4655 496 4712 si
533 4674 661 4732 unquam
690 4655 859 4716 adulteratas

87 4748 165 4808 sunt,
176 4737 268 4797 multo
278 4741 370 4816 magis
380 4739 409 4798 id
422 4741 606 4818 singularum
619 4742 858 4821 interpolatione,

90 4839 172 4896 quam
187 4845 329 4886 novarum
343 4828 493 4889 additione
512 4831 617 4890 lactum
641 4849 704 4891 esse
717 4845 858 4910 putarem.

89 4904 169 4970 Telis
188 4933 258 4974 vero
279 4917 516 4996 interpolationis
536 4920 569 4978 in
584 4931 664 4979 tanto
682 4921 861 4996 fragmento-

119 5138 148 5189 ll)
161 5137 278 5196 Scriptum
292 5145 340 5189 ersi
355 5143 453 5193 lorium
466 5158 515 5212 ρνιι]
529 5149 619 5212 οὔσαις,
629 5149 690 5196 slcul
703 5151 727 5195 et
738 5150 821 5196 Dauid.
832 5120 860 5198 ln

91 5203 195 5265 cuum,
203 5217 239 5267 ll,
248 5214 275 5266 Α,
288 5215 356 5260 ²⁴1³*
364 5218 485 5276 διακοσίας
496 5222 730 5286 πεντήκοντσοῦσσις,
744 5224 768 5268 tt
776 5223 850 5268 lounn

93 5271 181 5335 rurus.
193 5281 227 5327 u.
238 5294 265 5339 p.
284 5290 319 5338 ss.
333 5285 359 5338 s,
372 5292 406 5333 ιι.

1618 494 1677 554 223

902 637 967 676 rum
996 636 1118 677 numero
1141 636 1179 678 ne
1204 617 1382 678 levissimum
1404 619 1523 698 quidem
1542 621 1610 681 licet
1625 624 1678 682 de·

902 705 1084 785 prehendere
1111 706 1279 783 vestigium.
1306 706 1496 786 Summopere
1512 709 1603 786 igitur
1626 732 1678 771 ve-

903 810 979 865 reor,
1002 805 1034 851 ut
1054 792 1161 853 frustra
1187 792 1275 853 luerit
1288 792 1371 852 hosii
1391 794 1619 871 demonstratio,
1639 800 1676 858 il·

904 879 954 938 iud
978 882 1115 939 evincere
1136 880 1286 958 conantis,
1303 881 1427 942 Politias
1446 904 1506 943 non
1531 886 1679 967 adipsum

905 966 1090 1026 Aristotelem
1105 968 1272 1047 pertinere,
1287 968 1410 1029 sednon
1424 972 1599 1032 itamultum
1614 988 1681 1053 post

904 1053 969 1132 ejus
979 1069 1114 1134 mortem,
1124 1055 1290 1116 iles-aelidis
1304 1057 1422 1118 Pontici
1432 1073 1516 1119 aetate
1527 1064 1679 1142 conscrip-

905 1154 949 1201 tas
975 1143 1077 1204 luisse.
1101 1144 1157 1204 Cui
1182 1145 1316 1224 opinioni
1339 1146 1399 1207 viri
1420 1150 1678 1228 ὑπιρκριτικωιιὲτου

906 1228 996 1289 totius
1022 1231 1202 1310 antiquitatis
1226 1252 1401 1294 consensum
1424 1255 1575 1315 opponere
1598 1238 1679 1297 sulli-

906 1317 975 1390 ciat,
987 1319 1040 1396 qui
1055 1320 1174 1398 quidem
1189 1322 1255 1382 talis
1275 1333 1319 1380 est
1332 1337 1364 1381 ut
1383 1323 1434 1382 rix
1460 1324 1556 1402 major
1582 1328 1679 1406 optari

907 1406 1007 1480 possit.

946 1494 1080 1554 Attamen
1093 1497 1130 1555 ab
1151 1498 1217 1577 ipso
1237 1499 1394 1559 Aristotele
1415 1500 1592 1562 Politiarunr
1609 1525 1679 1564 nus·

907 1602 995 1659 quant
1009 1586 1118 1645 mentio
1132 1587 1206 1646 lacta
1219 1601 1273 1651 cst.
1286 1587 1371 1659 Quod
1384 1591 1542 1666 quominus
1553 1591 1679 1652 allirme-

907 1690 972 1731 mus
988 1673 1040 1732 vix
1056 1674 1216 1752 impedient
1230 1676 1351 1736 Davidis
1368 1678 1466 1747 verba,
1486 1679 1581 1758 quiin
1597 1670 1679 1743 Aris·

908 1772 961 1821 tot.
981 1759 1079 1839 Categ.
1097 1785 1126 1841 p.
1141 1773 1191 1840 al,
1207 1767 1242 1838 A,
1258 1767 1294 1825 35
1310 1766 1347 1824 de
1364 1765 1483 1826 Politiis
1496 1768 1628 1847 loquitur
1650 1771 1680 1839 δς

907 1846 1035 1907 ἐκδέδωκε
1069 1851 1273 1931 philosophus.
1300 1857 1360 1912 Nec
1392 1854 1514 1932 majoris
1550 1858 1680 1935 prolecto

907 1949 976 1994 sunt
1004 1941 1143 2000 momenti
1167 1940 1327 2018 συνηγμέναι
1353 1942 1484 2002 πολιτεῖαι
1510 1944 1546 2004 de
1574 1949 1681 2024 quibus

908 2024 940 2083 iu
952 2030 1090 2088 extremis
1101 2029 1211 2088 Ethicis
1225 2030 1419 2091 Nicomachiis
1430 2032 1545 2092 locutus
1559 2048 1603 2093 est
1615 2037 1681 2114 phi·

908 2110 1059 2190 losophus,
1087 2136 1158 2194 quas
1184 2117 1221 2175 ad
1245 2116 1420 2177 Politiar'um
1451 2139 1526 2198 opus
1549 2138 1681 2201 spectare

908 2204 1044 2266 arbitrati
1058 2218 1126 2263 sunt
1137 2206 1291 2281 nonnulli,
1303 2225 1362 2264 non
1378 2206 1448 2266 satis
1461 2206 1537 2266 bene
1551 2230 1683 2291 perspec-

909 2294 946 2353 tis
970 2292 1140 2371 interpretis
1166 2294 1253 2368 graeci
1279 2292 1390 2354 verbis.
1422 2293 1502 2365 Quas
1525 2301 1604 2358 enim
1632 2302 1683 2361 ille

908 2380 1051 2447 Πολιτιίες
1067 2392 1152 2438 vocat
1166 2380 1219 2440 sol.
1246 2381 1301 2457 189
1316 2394 1395 2459 recto
1411 2379 1482 2450 εὮς
1495 2383 1546 2465 γὰρ
1562 2385 1638 2455 δείξει
1655 2391 1682 2447 ἐν

908 2477 965 2537 ταῖς
993 2466 1157 2540 narratae,
1191 2466 1274 2528 πλείω
1298 2468 1356 2539 εἴδη
1389 2470 1574 2550 δημοκρατιῶν
1599 2476 1680 2551 sloh,

908 2560 1034 2619 Politica
1048 2571 1116 2618 sunt
1128 2577 1186 2616 nou
1198 2556 1260 2635 jam
1272 2557 1401 2631 Politiae,
1412 2578 1498 2638 quem
1510 2582 1593 2621 usum
1605 2565 1683 2643 apud

908 2647 1088 2707 Eustathium
1101 2666 1218 2725 quoque
1230 2645 1449 2726 deprehendere
1463 2649 1545 2722 licet,
1571 2653 1685 2732 quippe

909 2737 960 2814 qui
976 2737 1008 2795 in
1021 2734 1106 2797 iliad.
1120 2756 1149 2813 p.
1173 2737 1228 2793 126
1255 2755 1289 2793 ta
1315 2730 1419 2816 ιἭλω
1441 2735 1493 2818 rip
1514 2730 1587 2813 ἧλος,
1613 2740 1683 2799 surii

908 2824 1053 2905 nepotulus
1077 2822 1126 2894 τὴν
1140 2825 1166 2881 ἐν
1190 2822 1341 2890 Πολιτεὶσις
1364 2824 1438 2904 παρὰ
1452 2829 1490 2906 τῷ
1511 2826 1684 2906 Ἀριστοτέλει

908 2912 1042 2989 κειμένην,
1057 2925 1157 2990 aperte
1176 2912 1302 2971 Politica
1316 2910 1337 2972 l.
1352 2911 1388 2987 V,
1405 2933 1424 2989 9
1440 2914 1458 2990 S
1477 2916 1495 2972 6
1513 2918 1682 2994 respexerit.

909 3002 980 3061 Tale
994 3021 1065 3060 vero
1079 3000 1227 3059 silentium
1238 3000 1405 3059 Aristotelis
1417 3001 1490 3060 nihil
1510 3002 1595 3062 hahet
1604 3006 1683 3081 quod

909 3090 1038 3149 mireris.
1056 3088 1168 3146 Etenim
1182 3089 1208 3147 si
1222 3108 1286 3167 qua
1300 3107 1389 3166 supra
1405 3108 1421 3146 a
1440 3088 1527 3149 nobis
1538 3092 1684 3170 disputata

909 3191 977 3237 sunt
989 3190 1066 3237 recte
1082 3196 1113 3236 se
1128 3174 1252 3248 habent,
1269 3176 1331 3253 jam
1346 3176 1419 3237 illud
1432 3193 1623 3256 consequetur
1637 3182 1683 3260 ip·

909 3267 969 3324 sius
979 3264 1147 3344 philosophi
1159 3266 1355 3326 testimonium
1369 3265 1406 3324 de
1417 3265 1535 3325 Politiis
1546 3287 1582 3325 ne
1591 3271 1685 3344 quaeri

910 3356 1030 3434 quidem
1054 3355 1165 3417 deberi.

950 3445 994 3503 lle
1003 3445 1119 3503 Politiis
1128 3444 1197 3503 satis
1203 3443 1378 3522 jamdictum
1390 3458 1475 3519 esset,
1490 3444 1547 3502 nisi
1561 3459 1681 3522 etquae-

910 3534 976 3591 dam
982 3533 1051 3591 addi
1057 3530 1247 3609 oporteretde
1254 3534 1398 3610 excerptis
1408 3551 1473 3609 quae
1480 3530 1535 3590 suh
1549 3531 1682 3591 lleracli·

911 3619 957 3677 dis
979 3618 1096 3677 Pontici
1111 3619 1229 3676 nomine
1247 3618 1506 3689 circumferuntur,
1527 3619 1682 3676 maximam

911 3725 982 3765 vero
998 3718 1127 3784 partem,
1153 3717 1185 3762 ut
1201 3703 1333 3777 ridetur,
1353 3724 1389 3763 ex
1411 3705 1575 3764 Aristotelis
1595 3726 1685 3785 opere

911 3796 1087 3872 desumptis.
1101 3795 1144 3854 Ea
1167 3795 1280 3869 integra
1303 3814 1368 3853 cum
1395 3794 1579 3853 Aristoteleis
1606 3795 1684 3870 lrag-

913 3883 1016 3941 mentis
1030 3881 1186 3959 conjuncta
1196 3901 1342 3960 apponere
1352 3881 1447 3954 nolui,
1458 3901 1560 3940 eorum
1573 3882 1684 3941 scilicet

912 3991 1033 4044 memor,
1048 3990 1113 4048 quae
1126 3970 1286 4029 rectissime
1298 3969 1684 4030 contraSchueidewinuma

912 4061 946 4120 C.
967 4059 1092 4118 hliillero
1114 4060 1145 4117 in
1169 4059 1281 4136 Fragm.
1302 4057 1376 4117 illst.
1403 4079 1447 4135 gr.
1470 4071 1492 4122 t.
1520 4057 1558 4132 ll,
1578 4080 1608 4138 p.
1626 4068 1683 4128 soi

913 4150 1058 4226 disputata
1073 4161 1156 4220 sunt,
1171 4146 1254 4225 cujus
1266 4147 1328 4205 haec
1341 4160 1410 4211 sunt
1427 4146 1518 4206 verba
1534 4170 1540 4205 ι
1562 4176 1574 4199 ν
1593 4147 1685 4224 Igitur

912 4237 991 4316 quod
1014 4238 1046 4295 in
1070 4237 1237 4313 fragmentis
1253 4235 1338 4314 (scil.
1355 4235 1533 4315 Heraclidis)
1545 4237 1685 4295 nonnulla

913 4323 1064 4399 leguntur,
1076 4344 1140 4401 quae
1149 4322 1241 4382 verbo
1252 4336 1335 4383 tenus
1345 4323 1406 4382 lere
1420 4344 1456 4382 ex
1468 4325 1622 4383 Aristotele
1634 4325 1685 4383 de·

913 4413 1113 4490 scripsimus,
1129 4431 1214 4470 exeo
1233 4432 1285 4490 pcr
1305 4431 1336 4471 se
1357 4413 1478 4470 minime
1495 4415 1686 4490 consequitur

913 4499 1027 4578 reliqua
1047 4504 1159 4574 omnia,
1178 4520 1244 4579 quae
1262 4502 1294 4558 iu
1316 4519 1475 4560 summare
1492 4521 1549 4560 non
1570 4500 1685 4560 dissen-

914 4587 991 4645 tiunt
1003 4585 1039 4644 ab
1052 4587 1224 4662 Aristotele,
1241 4602 1391 4667 totumque
1402 4588 1474 4646 adeo
1491 4587 1636 4663 libellum,
1651 4608 1686 4646 ex

914 4674 1070 4733 Aristotele
1079 4694 1142 4734 esse
1150 4690 1297 4754 excerpta,
1315 4702 1328 4730 ι
1343 4676 1414 4734 licet
1430 4676 1610 4751 argumentis
1624 4677 1687 4754 qui·

913 4759 968 4820 bus
981 4763 1014 4820 in
1029 4760 1083 4820 hac
1109 4781 1142 4821 re
1167 4782 1237 4823 usus
1261 4776 1306 4823 est
1327 4764 1374 4822 vir
1392 4763 1581 4823 doctissimus
1596 4784 1685 4841 quum

913 4850 953 4908 ita
976 4863 1098 4930 pergat:
1125 4877 1138 4904 ε
1161 4851 1362 4912 Adversanlur
1380 4867 1476 4911 autem
1490 4852 1559 4912 huic
1573 4867 1687 4912 senten·

914 4939 961 4997 tia
979 4952 1009 4997 et
1030 4938 1192 5000 lleraclidis
1217 4959 1339 5013 nomen,
1363 4941 1443 5019 quod
1463 4941 1578 5001 codices
1592 4944 1686 5021 proli·

915 5038 1023 5098 rentur,
1041 5040 1070 5084 et
1092 5027 1207 5088 ordinis
1229 5028 1399 5096 delectasio
1418 5031 1494 5088 serie
1512 5029 1685 5088 Politiarum

914 5113 1100 5191 conspicuus,
1120 5143 1133 5168 s
1150 5116 1202 5175 vix
1215 5128 1324 5175 tantum
1339 5114 1507 5177 tribuerim.
