3959 5900
857 529 1012 590 PEPLUS.

125 678 263 733 Minervae
282 675 399 727 victorie
411 674 439 724 in
459 669 610 725 Titanus...
623 665 682 719 Sed
701 683 734 718 eo
754 636 891 736 rdqsexit,

122 769 194 839 quia
207 774 236 816 et
255 773 426 815 strenuorum
440 774 546 830 quoque
560 754 659 808 ducum
680 751 797 808 Athenis
816 762 897 823 geste

124 856 155 906 irt
170 851 254 925 peplo
269 855 377 919 intexta
391 845 493 919 templo
513 845 650 897 Minervae
672 840 896 915 imponebantur.

129 940 225 1012 Quare
243 948 270 991 et
284 935 444 991 Aristoteles
459 932 556 985 librum
576 948 669 996 suunt,
687 947 768 1002 quem
791 926 827 980 de
848 926 897 981 ica

126 1044 204 1081 reum
219 1025 332 1079 tumulis
343 1017 520 1093 confecerat,
533 1019 651 1093 Peplum
671 1020 787 1072 vocavit.
808 1011 898 1070 Erro·

128 1129 190 1168 rem
209 1109 261 1186 qui
280 1108 312 1165 in
326 1105 372 1165 his
387 1109 463 1164 inest
474 1104 567 1162 vitare
586 1123 645 1161 non
658 1101 753 1181 potuit
763 1099 897 1158 viromni

128 1196 213 1256 laude
227 1197 331 1270 rrtajor,
349 1197 460 1274 quippe
481 1194 532 1270 qui
547 1211 641 1270 neque
657 1190 804 1267 Anonymi
820 1189 898 1247 indi-

129 1304 191 1342 cem
207 1302 300 1361 neque
315 1281 505 1341 Scholiastem
518 1280 659 1339 Aristidis
681 1290 817 1348 noverat,
832 1277 897 1355 qui·

127 1372 184 1430 bus
199 1371 272 1429 illud
286 1384 365 1428 certo
377 1370 514 1441 efficitur,
526 1380 727 1443 argumentum
740 1365 825 1443 Pepli
839 1385 898 1421 non

128 1460 161 1517 in
174 1456 354 1515 celebrandis
367 1455 567 1514 tantummodo
577 1453 698 1512 heroum
712 1452 828 1510 tumulis
842 1452 899 1508 cir·

127 1545 339 1621 cumscriptum
356 1543 458 1619 inisse,
474 1543 523 1601 sed
546 1540 639 1600 multo
654 1540 741 1598 latius
760 1539 896 1615 patuisse.

131 1632 173 1688 lle
196 1650 254 1706 qua
275 1642 371 1687 tamen
402 1650 433 1687 re
461 1629 625 1687 accuratius
652 1626 768 1683 definiri
801 1626 902 1701 nequit

130 1730 251 1796 propter
275 1716 464 1794 reliquiarum
489 1715 654 1793 penuriam,
670 1732 792 1789 quarum
815 1712 902 1788 longe

131 1806 258 1862 maxima
279 1823 347 1879 pars
372 1804 444 1882 ipsis
462 1804 526 1861 istis
544 1801 704 1880 epitaphiis
729 1813 841 1858 constat
866 1800 902 1858 de

129 1890 239 1969 quibus
252 1889 313 1967 jam
329 1889 487 1948 videndum
502 1889 588 1948 nobis
601 1892 669 1949 erit.

170 1980 244 2039 Tres
259 1991 326 2036 sunt
338 1976 449 2036 diversi
465 1978 557 2035 sontes
567 1975 673 2054 quibus
687 1977 749 2033 haec
761 1975 902 2053 epigram·

1664 523 1720 581 :tlt

993 660 1034 717 De
1047 658 1121 736 ipsis
1140 657 1188 716 his
1207 656 1363 735 epitaphiis
1377 657 1418 714 ita
1429 655 1530 714 statuit
1553 653 1677 728 Rosius,
1690 673 1725 713 ca

951 768 969 804 a
983 746 1075 805 variis
1094 747 1189 824 poetis
1211 744 1294 817 ficta,
1309 764 1327 802 a
1340 742 1538 821 peplogrepho
1559 742 1680 802 collecta
1695 755 1725 801 et

952 835 1036 911 operi
1048 854 1102 892 suo
1118 833 1226 891 inserta
1234 849 1307 890 esse.
1321 830 1433 890 Unicus
1445 843 1488 888 est
1500 828 1602 887 titulus
1615 830 1652 888 de
1663 848 1724 906 qua

952 922 1008 980 hoc
1034 922 1177 979 affirmare
1199 920 1267 978 lieet
1290 920 1414 997 (15,ci.
1435 919 1521 976 etiam
1549 918 1611 992 64),
1634 918 1725 976 ceteri

952 1029 1024 1068 sero
1037 1028 1138 1068 omnes
1160 1009 1229 1067 tales
1252 1021 1336 1079 sunt,
1349 1019 1379 1066 et
1392 1007 1447 1065 hoc
1467 1004 1584 1083 quidem
1600 1004 1724 1079 Berglio

953 1098 1121 1157 acutissimo
1139 1097 1240 1174 judice
1256 1097 1288 1174 ll.
1310 1095 1329 1156 l.
1347 1116 1375 1173 p.
1388 1094 1469 1171 648),
1489 1107 1521 1151 ut
1534 1093 1581 1151 vel
1595 1092 1724 1153 imitatus

953 1190 989 1243 sit
1015 1185 1182 1261 antiquiora
1208 1184 1356 1258 carmina,
1380 1182 1425 1239 vel
1447 1183 1509 1258 ipse
1532 1180 1650 1237 finxerit
1673 1199 1724 1257 pe·

953 1275 1144 1350 plographus,
1158 1272 1233 1349 apud
1247 1290 1333 1349 quem
1347 1289 1459 1329 summa
1482 1267 1593 1345 ingenii
1614 1266 1725 1325 medio·

954 1363 1044 1420 critas
1060 1375 1089 1420 ct
1103 1362 1244 1420 sermonis
1260 1361 1384 1419 manitas
1404 1359 1514 1436 ubique
1532 1355 1725 1435 deprehendi·

954 1463 1012 1509 tur.
1022 1448 1106 1519 Quod
1115 1450 1151 1522 si,
1164 1448 1423 1526 utequidemputo,
1439 1444 1725 1522 verissimumestju·

954 1539 1074 1610 dicium,
1090 1537 1269 1615 videsquam
1282 1537 1413 1615 procula
1428 1554 1500 1593 vero
1512 1533 1725 1606 aberraverint,

955 1627 1123 1704 quicunque
1135 1646 1171 1684 ex
1185 1640 1243 1684 tam
1257 1625 1355 1702 inepto
1369 1638 1397 1682 et
1409 1622 1515 1700 jejuno
1533 1640 1622 1700 opere
1636 1621 1727 1700 poeti·

956 1732 1017 1769 cam
1027 1712 1275 1790 aliquamlaudem
1282 1709 1727 1786 Aristoteliconciliareaggressi

955 1813 1034 1860 sunt.

995 1885 1098 1944 Totam
1125 1888 1200 1946 hanc
1212 1886 1438 1964 disputationem
1455 1887 1561 1945 melius
1587 1885 1726 1944 concludi

956 1993 1042 2051 posse
1060 1994 1119 2033 non
1137 1989 1209 2053 puto
1220 1995 1305 2054 quam
1319 1977 1460 2054 appositis
1481 1975 1598 2050 Bergkii
1619 1976 1726 2052 saepius

132 2061 365 2122 matadebemus.
379 2064 903 2142 Longemaximampartemexvetere
954 2062 1014 2139 jam
1038 2061 1159 2122 anobis
1173 2063 1280 2122 laudati
1303 2063 1403 2123 verbis
1426 2086 1434 2122 ι
1459 2091 1472 2116 κ
1499 2063 1587 2133 Quod
1607 2064 1633 2121 si
1654 2063 1726 2121 ido-

129 2151 259 2228 quodam
274 2149 410 2208 lllediceae
422 2149 607 2209 bibliotheca
622 2151 722 2209 codice
735 2150 836 2229 (Laus.
853 2149 901 2221 56,

136 2236 263 2297 rbomb.
277 2257 334 2296 sec.
351 2238 396 2317 13)
408 2239 443 2298 Π.
456 2239 618 2316 Stephanus
624 2251 690 2319 post
699 2238 902 2313 Anthologiam

132 2325 308 2384 Planadeam
323 2325 435 2386 Gener.
453 2327 539 2399 1566,
552 2348 583 2405 p.
601 2334 658 2402 [⁸97
677 2326 781 2397 edidit,
795 2326 851 2382 hoc
864 2325 902 2382 ti-

133 2418 194 2473 tulo
208 2437 215 2473 t
226 2417 281 2474 Ποῦ
292 2414 400 2481 ἕκαστος
410 2418 460 2473 τῶν
476 2413 610 2486 Ἑλλήνων
619 2413 711 2496 ήρῶων
720 2414 848 2473 τέθαπται
858 2412 903 2471 καλ

132 2506 157 2560 τί
169 2501 361 2583 ἐπιγέγραπται
371 2506 409 2583 τῷ
421 2502 506 2583 τοίρῳ.
521 2504 684 2562 Aristotelis
698 2523 804 2561 nomen
816 2505 848 2561 in
857 2524 904 2560 co·

131 2593 199 2648 dire
216 2610 275 2648 non
297 2604 340 2648 est
357 2590 506 2663 additum,
521 2590 571 2649 sed
589 2590 806 2669 subsequuntur
827 2610 905 2649 non·

134 2678 215 2735 rudia
230 2691 364 2756 excerpta
377 2677 413 2735 de
438 2678 499 2736 rita
520 2678 694 2738 Aristotelis.
712 2677 906 2735 llanccollec-

137 2771 264 2844 tionem,
279 2767 330 2842 qui
355 2765 402 2824 bis
426 2765 558 2845 repetiit,
583 2764 619 2825 G.
645 2764 785 2823 Canterus
807 2764 905 2839 (hasil.

138 2858 213 2913 1566
228 2869 256 2913 et
271 2858 362 2916 Antv.
380 2855 479 2931 1571),
493 2855 625 2933 primus,
650 2865 683 2911 ut
693 2866 802 2931 partem
818 2851 903 2931 Pepli

135 2944 285 3005 Aristoteli
298 2942 477 3019 vindicavit,
488 2940 631 3003 Eustathii
643 2962 713 3000 usus
727 2940 905 3014 testimonio,

132 3033 211 3110 apud
233 3050 318 3109 quem
344 3030 474 3108 quadam
499 3030 604 3090 horum
628 3031 867 3108 epigrammatum
890 3051 907 3090 e

133 3118 293 3198 Porphyrii
316 3120 531 3179 commentariis
546 3120 577 3178 in
592 3119 749 3178 Homerum
774 3131 909 3199 excerpta

134 3209 279 3282 leguntur.
296 3205 349 3265 llis
370 3206 501 3284 duobus,
519 3207 621 3265 tertius
636 3206 761 3283 denique
782 3207 847 3266 sons
860 3226 907 3265 ac·

133 3296 236 3368 cessit,
251 3294 387 3366 Taetzes,
402 3295 435 3352 in
451 3294 535 3372 cujus
558 3294 707 3353 codicibus
729 3295 792 3352 sive
808 3295 908 3354 Matri·

135 3381 266 3440 rensibus
291 3380 329 3440 ab
347 3383 451 3440 lriarte
473 3383 606 3453 collatis,
632 3385 728 3443 catat
742 3385 820 3444 Bihl.
840 3387 907 3440 Ma-

134 3477 194 3528 trit.
216 3490 245 3543 p.
269 3471 306 3525 86
328 3488 373 3543 sq.
389 3482 416 3526 et
432 3471 489 3527 256
506 3490 551 3546 sq.
566 3490 616 3529 seu
630 3470 787 3528 ilarleiano
800 3515 809 3542 ,
822 3490 908 3546 quem

135 3554 264 3630 inspexit
277 3552 332 3610 Th.
345 3553 481 3627 Burgess,
497 3555 580 3632 Pepli
595 3557 784 3631 reliquiarum
800 3557 906 3628 editor,

135 3638 306 3709 Duneimiae‚
323 3638 409 3712 1798,
419 3639 457 3697 ci.
469 3643 550 3696 Diar.
560 3643 584 3697 C
586 3644 651 3698 lass.
658 3644 791 3701 Britann.
802 3654 823 3702 t.
837 3642 910 3714 illl,

135 3747 165 3805 p.
184 3746 237 3798 172
253 3718 330 3801 s'qq„
345 3725 458 3800 aliquot
478 3726 596 3783 aliunde
614 3728 715 3801 ignota
728 3730 828 3787 insunt
847 3731 907 3808 epi·

135 3825 305 3889 grammata.
323 3811 435 3869 Similis
449 3812 583 3870 collectio
599 3814 813 3894 epitaphiornm
825 3817 909 3876 inno·

94 3955 96 3958 .
137 3911 232 3957 tuerat
268 3899 399 3957 Ausonio
408 3946 416 3975 ‚
445 3899 497 3976 qui
526 3919 627 3958 eorum
651 3914 762 3979 partem
788 3902 911 3964 liberius

141 3985 232 4043 latinu
253 4005 386 4043 sermone
399 3986 560 4064 expressit,
576 3987 630 4046 hac
644 3990 794 4065 praemissa
810 3992 911 4069 praeia-

141 4074 246 4132 tione:
264 4076 312 4131 Act
330 4095 388 4131 rem
407 4081 546 4149 pertinere
571 4082 745 4151 existimavi,
758 4092 822 4139 ut...
842 4083 911 4157 Epi·

139 4161 240 4236 taphia
260 4164 459 4231 subnecterem,
488 4167 593 4220 scilicet
622 4168 717 4223 titulos
744 4172 912 4243 sepulcrales

141 4249 253 4306 hemum
261 4290 270 4319 ,
291 4257 339 4325 qui
354 4253 427 4307 bello
448 4253 542 4308 Ποίσο
565 4250 756 4325 interfuerunt.
773 4259 846 4328 Qnoe
859 4278 913 4313 an-

141 4344 215 4413 tiqua
224 4359 306 4413 quum
315 4342 393 4414 upari
395 4340 567 4416 philologum
578 4344 720 4415 quendam
737 4353 910 4421 reperissem,

141 4423 243 4483 Latino
251 4446 376 4482 sermone
387 4434 506 4483 converti
515 4429 566 4505 (1).

166 4564 198 4617 (t)
206 4565 240 4609 lte
248 4565 320 4619 poetis
328 4563 468 4620 quibusdam
477 4564 519 4619 qul
529 4566 679 4623 epitaphicis
687 4567 913 4616 huoastiamerioos

139 4629 295 4740 γρνιγργιευὶτιο
304 4627 418 4680 teruntur,
428 4628 555 4684 prasertim
564 4627 593 4674 de
606 4630 729 4687 Posidippo
740 4630 770 4677 ci
779 4631 862 4687 Bergk.
874 4633 912 4678 tt.

463 4859 589 4909 PEPLUS.

520 4957 528 4997 1
535 4986 541 4996 .

174 5029 240 5078 Ordo
260 5028 375 5083 ludorum
398 5031 568 5084 insliiulorum
591 5037 690 5098 qualem
708 5037 852 5089 Aristoteles
867 5042 910 5089 de·

958 2169 1078 2209 aeorum
1101 2153 1217 2211 testium
1240 2153 1409 2211 auctoritate
1441 2164 1600 2222 constaret,
1625 2148 1726 2229 philo·

958 2239 1081 2319 sophum
1106 2240 1229 2318 Peplum
1254 2241 1418 2319 scripsisse,
1435 2240 1610 2299 censendum
1635 2240 1726 2311 soret,

958 2331 1048 2388 alium
1069 2348 1155 2407 quem
1173 2341 1273 2410 postea
1290 2329 1352 2388 hec
1374 2328 1551 2407 epitaphiaa
1566 2347 1597 2387 se
1610 2327 1729 2386 condita

959 2418 1055 2477 alieno
1078 2419 1159 2496 operi
1183 2418 1402 2493 inter-texuisse,
1423 2438 1517 2496 neque
1542 2431 1638 2475 tamen
1662 2406 1749 2477 veri-¹

959 2508 1065 2565 similis
1079 2521 1122 2567 est
1136 2509 1196 2566 haec
1208 2509 1355 2587 suspici03
1371 2510 1461 2585 igitur
1474 2507 1643 2567 universum
1654 2526 1729 2583 opus

960 2595 1109 2653 Aristoteli
1144 2596 1321 2676 philosopho
1350 2597 1589 2677 abjudicandum.
1622 2595 1729 2677 Operis

960 2682 1048 2759 hujus
1073 2696 1174 2743 auctor
1202 2698 1298 2744 utrum
1325 2686 1493 2765 philosophi
1517 2705 1623 2745 numen
1653 2682 1729 2745 mala

963 2771 1063 2835 fraude
1075 2785 1222 2832 mutuatus
1234 2794 1270 2832 an
1285 2794 1390 2833 revera
1401 2776 1572 2834 Aristoteles
1587 2777 1729 2831 vocitatus

961 2859 1014 2932 sit,
1029 2860 1060 2917 in
1077 2859 1174 2918 medio
1190 2862 1390 2938 relinquam.»

1273 3035 1285 3071 1
1311 3014 1418 3091 (sss).

1001 3172 1097 3233 Schol.
1115 3174 1151 3233 ad
1167 3177 1290 3237 Aristid.
1313 3176 1562 3255 Panath.p.189,
1586 3185 1616 3249 i,
1641 3191 1662 3240 t.
1678 3173 1732 3257 ill,

962 3282 993 3339 p.
1011 3263 1067 3320 323
1085 3262 1130 3324 ed.
1147 3265 1281 3327 Dindori.
1296 3266 1332 3325 ad
1345 3266 1434 3326 verba
1448 3289 1455 3324 ι
1471 3265 1650 3334 Ἐνδοξότατοι
1665 3264 1731 3324 πάν·

962 3373 1014 3406 των
1028 3352 1052 3409 oi
1065 3351 1135 3409 κατὰ
1159 3352 1209 3424 τήν
1225 3350 1343 3413 Ἑλλάδα
1367 3358 1473 3435 ολγῶνις·
1496 3355 1542 3415 καλ
1567 3354 1734 3432 pituitas

963 3436 1144 3516 πρεσὸθτατος
1168 3443 1248 3500 ὁτῶν
1273 3441 1432 3515 Ἀθηναίων,
1447 3444 1470 3501 εἰ
1493 3442 1521 3500 δὲ
1537 3441 1624 3522 βούλει
1646 3448 1734 3503 ὁτῶν

964 3524 1131 3584 Ἐλευσινίων
1161 3545 1169 3585 ;
1195 3525 1233 3586 Ἡ
1257 3528 1328 3597 τάξις
1350 3534 1402 3588 τῶν
1426 3529 1532 3607 σἰγώνων
1554 3528 1623 3587 καθθι
1641 3528 1735 3611 Ἀρι·

964 3612 1131 3684 στοτέλης
1152 3614 1330 3694 σἰναγρᾶρτται
1351 3616 1407 3694 (ita
1428 3617 1492 3675 cod.
1508 3617 1647 3676 Ματθίου.
1663 3631 1735 3679 teste

965 3699 1065 3775 Rosia,
1079 3701 1166 3759 ceteri
1181 3701 1251 3761 κατὰ
1264 3703 1448 3780 Ἀριστοτέλην
1463 3703 1626 3786 γρσὶγτται)·
1641 3710 1733 3786 πρῶτα

965 3787 1735 3877 pisct’ssissclmtristemini<eripique-letum

966 3877 991 3936 il
1005 3875 1039 3934 τθ
1049 3876 1219 3948 Παναθήναια
1233 3878 1277 3938 inl
1288 3879 1388 3961 Ἄστέρι
1399 3884 1436 3961 τῷ
1448 3881 1552 3960 γίγαντι
1564 3882 1613 3941 ὑπὸ
1627 3884 1735 3956 Ἀθηνᾶς

966 3962 1140 4044 ἀναιρεθέντι·
1156 3965 1240 4045 τρίτος
1251 3966 1279 4025 θν
1290 3969 1316 4026 έν
1327 3967 1415 4046 Ἀργει
1425 3968 1527 4037 Δαναὸς
1541 3969 1617 4042 ἔθηκε
1631 3970 1675 4030 διὰ
1690 3970 1735 4031 τθν

966 4053 1049 4130 γάμον
1065 4058 1116 4113 τῶν
1134 4054 1280 4135 θυγατέρων
1296 4058 1391 4115 αὐτοῦ·
1406 4056 1529 4137 τέταρτος
1543 4064 1557 4118 ὁ
1569 4061 1596 4117 έν
1611 4059 1735 4141 Ἀρκαδία

968 4142 1050 4210 τεθείς
1068 4145 1121 4205 inis
1134 4143 1283 4223 Λυκάονος,
1298 4144 1325 4211 dc
1339 4146 1436 4218 ἐκλήθη
1459 4145 1577 4206 Δίκαια·
1590 4146 1737 4225 riputati

967 4234 993 4288 ἐν
1014 4230 1114 4314 Ἰωλκῷ
1134 4232 1261 4294 Ἀκάστου
1287 4233 1507 4313 καθηγησαμένου
1528 4235 1571 4294 ἐπὶ
1593 4237 1680 4318 Πιλίιγ
1697 4242 1736 4320 τῷ

966 4318 1063 4397 πατρί·
1087 4319 1160 4388 isso<
1180 4325 1195 4381 θ
1215 4325 1241 4381 ἰν
1261 4322 1360 4402 Ἰσθμῷ
1385 4322 1501 4406 Σταύρου
1515 4325 1743 4400 νομοθετήσαντοξ

966 4405 1010 4463 ἐπὶ
1032 4409 1198 4490 Μελικέρτῃ·
1218 4409 1327 4488 έθδομσς
1347 4415 1362 4471 θ
1380 4412 1563 4489 Ὀλυμπιακθς
1577 4413 1737 4494 Ἡρακλέους

966 4496 1183 4569 νομοθετήσαντος
1205 4499 1377 4560 trititiam·
1401 4500 1491 4580 ὄγδοος
1513 4503 1528 4558 θ
1546 4502 1573 4560 έν
1587 4501 1689 4582 Νεμέα,
1707 4501 1736 4563 ds

966 4586 1061 4658 ἔθηκαν
1075 4591 1099 4646 οἱ
1115 4587 1182 4647 ἑπτὰ
1204 4588 1249 4647 inl
1263 4589 1358 4660 Θήθας
1375 4590 1418 4649 inl
1434 4590 1600 4672 Ἀρχεμόρῳ·
1617 4590 1706 4661 ίνατος
1722 4595 1737 4651 θ

966 4675 993 4729 ἐν
1007 4676 1032 4733 T
1034 4674 1107 4753 ροίᾳ,
1119 4675 1147 4734 ὃν
1166 4675 1299 4756 Ἀχιλλεὺς
1314 4678 1357 4736 lul
1373 4681 1521 4760 Πατρόκλῳ
1542 4680 1679 4753 incincta·
1695 4681 1737 4740 δι’·

140 4781 1735 4824 -—-—-——.-...—.-..—-——

967 4866 1065 4930 nuptias
1078 4868 1184 4919 iliarum
1197 4883 1312 4930 suarum;
1324 4872 1406 4935 quarti
1421 4874 1445 4923 in
1458 4874 1561 4925 Arcada
1572 4877 1605 4927 ab
1626 4879 1738 4940 Lycaone

967 4952 1086 5014 instituti,
1097 4968 1154 5019 qun
1163 4958 1249 5020 Lycas
1260 4962 1379 5009 vocantur
1389 4977 1396 5021 ς
1405 4960 1484 5023 quinti
1497 4961 1522 5011 in
1531 4962 1597 5014 loloo
1605 4963 1637 5013 ais
1648 4967 1738 5013 Acasto

966 5038 992 5088 in
1011 5038 1129 5091 honorem
1149 5040 1222 5093 Pelle
1239 5043 1316 5107 putris
1329 5043 1460 5106 telebmti3
1471 5045 1535 5096 sexti
1547 5049 1605 5096 sunt
1626 5045 1736 5108 isthmil,

142 5116 247 5182 scripsit.
260 5119 336 5171 Primi
349 5121 465 5173 Eleusinii
489 5127 588 5187 propter
605 5124 712 5176 fructum
730 5140 746 5175 a
769 5127 855 5178 cerere
870 5127 912 5176 da·
967 5141 1031 5191 quos
1042 5128 1160 5195 Sisyphus
1173 5130 1306 5181 Melicerta
1315 5130 1435 5184 dedicarit
1444 5133 1553 5201 μογοῦσιν
1563 5131 1696 5197 Olympici,
1706 5132 1739 5185 ab

142 5209 210 5265 tants
224 5208 324 5258 soeundi
340 5211 516 5262 Pamthuraici
527 5217 627 5277 propter
639 5218 750 5264 Asterem
761 5214 912 5278 gigantem
967 5217 1073 5267 Hercule
1095 5217 1121 5267 in
1143 5218 1240 5283 Pelopis
1260 5218 1376 5272 honorem
1396 5219 1607 5282 instituti3oetari
1618 5220 1738 5286 Nemeal,

142 5292 250 5345 Minerva
260 5297 382 5358 occisum
395 5300 462 5349 tertii
476 5313 538 5363 quos
553 5303 652 5350 Danaus
663 5303 734 5367 Argis
755 5303 862 5354 instituit·
878 5304 911 5356 ob
966 5321 1029 5371 quos
1049 5311 1141 5374 septem
1163 5311 1248 5361 contra
1268 5311 1364 5362 Thebas
1383 5312 1737 5374 Archemorooonsoettmnit
