3959 5900
809 539 973 600 illailltll.
1212 566 1221 577 ·
1652 542 1690 601 ί25

85 673 256 748 νινικηιιέναι
267 673 311 731 ris
326 676 372 732 τοῦ
388 670 513 739 Μέτωνος
524 670 644 749 πατέρα,
660 669 773 751 μάρτυρι
787 668 861 750 χριίι-

86 785 166 841 μινυς
174 758 413 842 Ἀριστοτέλει.
429 757 625 837 Ἀπολλόδωρος
640 757 687 815 δ’ὁ
700 779 855 836 γραμματι-

84 852 131 918 κὸς
146 852 173 908 ίν
187 856 240 915 τοῖς
253 848 391 928 Χρονικοῖς
403 848 482 926 φησιν
493 848 543 913 ὡς·

150 1023 197 1074 'liv
211 1023 370 1084 reluminasset
384 1022 448 1081 νιδς,
464 1022 496 1077 τις
511 1021 536 1070 di
552 1020 663 1082 θουρίιυς

150 1094 221 1143 αὑτὸν
235 1093 320 1142 euml
334 1092 453 1146 παντιλῶς
463 1090 612 1152 ἐκτισμένους

150 1166 164 1212 d
180 1166 281 1219 Γλαῦκος
297 1162 370 1212 tiliis
386 1160 473 1224 ρησίϊ

88 1282 135 1351 εἶθ’
152 1287 266 1355 θποὸάς·

150 1440 180 1487 ot
195 1437 215 1486 θ’
228 1439 376 1500 ιστοροῦντις
388 1436 420 1489 ὡς
432 1434 551 1494 πιριυγολς
562 1432 652 1482 sisoim

149 1509 181 1563 ιις
194 1507 235 1563 τάς
247 1504 396 1569 Συρακούσας
406 1503 456 1567 μετ’
465 1502 558 1553 ικιίνων
568 1503 673 1564 ιπολέμιι

150 1579 207 1641 πρὸς
222 1578 276 1634 τοὺς
289 1576 420 1634 Ἀθηναίους
433 1600 464 1611 ·-
473 1600 505 1613 -
514 1576 606 1636 ιἰγνυιίν

147 1650 230 1703 τελέως
247 1648 298 1710 ιμοὶ
310 1647 437 1695 δοκοῦσιν·
453 1644 521 1706 ἡγὰρ
530 1643 607 1694 οὐκίτ*
617 1643 645 1704 ἦν

148 1723 164 1777 ἠ
176 1720 295 1774 παντιλῶς
306 1717 500 1780 θπιργιγηρακὼς
509 1715 583 1777 ,θπιρ

147 1790 177 1838 οὐ
189 1788 302 1851 paimei.

83 1916 318 1998 Ἀριστοτέλης
333 1915 384 1995 γάρ
410 1914 504 1989 αὐτὸν,
520 1912 559 1972 ἔτι
575 1913 598 1971 δ’
612 1910 786 1992 Ἡρακλείδης
803 1910 860 1982 iiii-

85 2027 166 2064 κοντα
182 2006 247 2063 ιιῶν
262 2002 326 2083 paci
337 2000 562 2073 neelamitem.
605 1999 640 2061 Ὁ
652 2000 680 2059 δὲ
693 1999 741 2072 τὴν
753 1998 861 2078 πριίιτην

84 2092 131 2153 καί
147 2089 345 2168 idiomatis
356 2089 527 2166 Ὀλυμπιάδα
541 2087 683 2158 νενικηκὼς
695 2086 787 2159 κέλητι
799 2086 861 2145 τοίν-

84 2205 132 2241 του
146 2180 256 2244 πάππος
269 2169 302 2250 ἦν
316 2176 471 2254 ὁμώνυμος,
490 2173 553 2235 dei·
571 2174 627 2251 ἅμα
644 2175 689 2235 καλ
703 2172 747 2232 τδν
765 2172 860 2254 χρόνον

83 2268 135 2328 tei
148 2272 194 2326 τοῦ
211 2263 415 2344 Ἀπολλοδώρου
430 2262 619 2342 σημαίνεσθαι.

124 2356 206 2415 idem
218 2352 356 2433 Vlll',·7i
375 2375 383 2411 t
401 2352 469 2432 Πιρὶ
485 2350 512 2412 δέ
527 2354 578 2411 τῶν
592 2352 657 2409 ἐτῶν
675 2347 860 2430 Ἀριστοτί-

82 2448 141 2517 λης
152 2441 317 2524 διαρίριται·
329 2441 394 2520 φησι
408 2441 458 2519 γὰρ
470 2442 564 2506 ίκιῖνος
574 2438 690 2511 ἑξήκοντ’
703 2441 768 2498 iniis
782 2438 859 2496 αὐτὸν

82 2533 256 2602 τιλιυτῆσαι·
272 2530 296 2589 nl
312 2530 335 2588 δ’
346 2528 421 2589 ίννέα
435 2528 481 2589 καί
494 2529 597 2590 ἑκατόν.
608 2526 737 2603 'nepaes
752 2524 778 2584 δέ
791 2524 861 2584 nard

82 2620 132 2692 τὴν
147 2617 276 2698 τετάρτην
286 2617 332 2676 καί
342 2612 518 2694 ὀγδοηκοστὴν
537 2613 720 2691 Ὀλυμπιάδα.

124 2705 289 2765 Aristotelis
314 2704 471 2763 auctoritas
498 2702 535 2761 ab
571 2701 760 2761 Eratosthene
793 2699 861 2758 ideo

84 2785 219 2853 adhibila
235 2795 327 2852 iuerat
340 2837 349 2869 ,
360 2806 391 2851 ut
406 2789 579 2869 probaretur
594 2786 797 2867 Empedoclem
809 2805 860 2865 pn·

86 2897 159 2941 trem
175 2882 301 2941 Metonis
315 2893 344 2938 et
357 2877 562 2957 Empedoclem
577 2875 785 2955 philosophum
800 2894 860 2932 non

85 2990 178 3029 unum
201 2967 384 3046 eundemque
409 2965 512 3039 inisse,
532 2963 611 3042 quod
633 2964 685 3041 qui
707 2962 863 3021 credebant

84 3068 201 3116 centum
216 3069 244 3115 et
264 3074 369 3114 novem
391 3072 484 3112 annos
504 3071 569 3110 eum
585 3064 684 3109 natum
706 3050 863 3110 decessisse

85 3144 305 3203 arbitrabantur
318 3163 326 3216 3
338 3141 511 3201 Aristoteles
528 3159 600 3199 vero
615 3151 783 3197 narraverat
796 3157 860 3197 eum

84 3232 306 3308 sexagenarium
317 3229 437 3291 obiisse.
449 3229 564 3288 Rectius
575 3228 666 3305 igitur
678 3226 714 3285 ad
723 3226 817 3286 libros
826 3226 863 3285 de

87 3320 184 3377 l’oetis
212 3317 268 3377 hoc
295 3318 486 3395 fragmentum
509 3316 684 3387 reseremus,
713 3334 798 3393 quam
825 3317 861 3373 ad

85 3408 322 3486 Olympionicas,
342 3420 375 3466 ut
397 3426 414 3465 a
434 3406 467 3465 C.
484 3405 607 3464 liliillero
630 3405 810 3476 factumest,
827 3403 862 3463 sr.

86 3708 211 3770 mippos...
227 3705 290 3754 Dicit
302 3708 326 3754 et
337 3704 505 3753 Eratosthenes
518 3703 543 3752 in
556 3703 729 3767 Olympionicis
739 3705 862 3766 septuage-

89 3794 149 3842 silua
166 3791 245 3855 prima
259 3788 401 3853 Olympiade
412 3789 500 3838 vicisse
512 3787 739 3852 iletonis'patrem‚
750 3789 864 3839 aristote·

91 3880 119 3928 tis
132 3885 206 3929 utens
220 3874 366 3926 testimonio.
398 3874 557 3938 Apollodorus
572 3877 652 3926 ουιοιιι
661 3874 864 3939 grammaiicnsin

87 3964 215 4017 chronicis
226 3963 303 4013 sicali
315 3981 322 4012 ι

142 4133 196 4177 Erat
207 4129 305 4176 lidonis
316 4128 396 4174 illios:
411 4139 481 4186 quem
496 4128 599 4175 'thurios

140 4213 242 4259 Glaucus
257 4209 367 4266 migrasse
378 4208 484 4256 conditos
492 4209 626 4267 nuperrime

142 4294 176 4337 cst
190 4293 280 4336 auctor.

90 4422 179 4472 latnie
194 4424 250 4484 pust
267 4431 341 4481 pauca
363 4457 369 4467 .

114 4647 116 4651 Υ
143 4593 173 4634 at
185 4589 226 4644 nni
241 4588 319 4633 lerunt
333 4587 425 4632 ventsse
438 4587 563 4644 protagora
580 4587 650 4634 domo

142 4668 223 4715 urbam
235 4666 362 4722 syracusas
374 4668 397 4711 et
414 4676 479 4711 arma
492 4667 517 4712 la
532 4666 619 4713 λιιισυν

145 4748 182 4792 bis
191 4745 336 4791 consociante
345 4768 371 4778 -
380 4768 406 4778 -
420 4746 453 4791 nli
464 4746 522 4792 mibi

141 4834 235 4878 prorsus
249 4821 357 4867 ridentur
369 4823 427 4867 scire
442 4834 559 4879 :namque
573 4824 623 4868 tum
635 4824 729 4879 quidem

142 4906 182 4949 aut
195 4904 302 4948 mortuns
315 4904 366 4949 eral
375 4906 415 4949 aui
426 4907 519 4950 senecta
530 4904 654 4960 languidus
666 4919 672 4949 ι

142 4982 206 5040 quod
221 4993 267 5026 non
282 4981 409 5037 probabile.

91 5143 180 5204 Nempe
189 5138 331 5189 aristoteles
347 5141 372 5189 ei
383 5139 520 5190 Heraclides
531 5140 652 5200 scrihrnt.
660 5155 715 5192 eum
728 5154 790 5192 anon
801 5146 860 5192 mla·

91 5228 122 5277 lis
136 5227 285 5292 mragesirno
297 5226 395 5279 obiisse.
428 5228 476 5287 Qui
489 5242 547 5279 vero
566 5230 764 5295 septuagesimam
777 5234 800 5281 et
813 5232 863 5296 pri·

92 5328 156 5365 mam
187 5313 353 5378 olympiadem
385 5313 473 5368 vicerat
503 5331 588 5382 eques,
609 5317 694 5369 eodem
721 5317 862 5370 censebatur

920 670 988 728 263.
1005 668 1037 726 ln
1054 670 1152 748 priore
1169 670 1305 746 liiogenis
1318 670 1398 740 loco,
1412 689 1501 746 quum
1516 668 1605 744 rrrlgo
1618 670 1691 728 male

918 777 972 834 pro
989 755 1179 833 Ἡρακλείδης,
1192 755 1363 833 Ἱιριίιιλιιτος
1379 758 1534 831 legeretur,
1558 755 1690 816 Clinton.

920 843 994 902 Fast.
1018 844 1129 902 llellcn.
1147 844 1262 920 Olynrp.
1278 845 1328 913 ili,
1349 866 1374 916 ι,
1392 842 1691 917 liratostlrenemhri·

917 933 1030 991 stolelis
1042 951 1159 1009 quoque
1168 932 1331 989 testimonio
1344 951 1426 989 usum
1441 950 1503 990 esse
1513 931 1647 999 credidit,
1661 946 1693 990 ιιι

916 1019 1020 1078 Glauci
1033 1040 1102 1078 usus
1116 1031 1158 1077 est
1171 1018 1224 1096 (ci.
1237 1018 1274 1077 de
1287 1038 1322 1076 eo
1331 1017 1477 1078 Plutarch.
1492 1020 1545 1080 vit.
1560 1018 1584 1076 li
1598 1023 1689 1078 Orati.

918 1107 942 1178 l,
960 1127 998 1167 νο
1014 1129 1020 1165 :
1038 1107 1099 1167 Eiet
1112 1106 1138 1165 δ’
1151 1106 1176 1163 οἳ
1190 1107 1235 1164 καί
1249 1105 1279 1164 τὸ
1294 1105 1414 1165 ilariaco
1427 1114 1472 1166 τοῦ
1487 1104 1611 1184 Ῥηγίνου
1632 1112 1692 1185 περὶ

916 1196 1044 1267 Ποιητῶν
1060 1193 1160 1275 βιδλίον
1187 1196 1223 1261 ιὶς
1248 1194 1412 1275 Ἀντιρῶντα
1434 1195 1638 1275 ἅναρίρουσιν),
1653 1198 1691 1254 ita

917 1304 1019 1343 uersus
1030 1283 1209 1343 constituens
1225 1305 1232 1340 ι

981 1441 1138 1502 Ἀριστοτιλης
1151 1441 1197 1502 γὰρ
1207 1440 1277 1489 αὐτὸν
1287 1438 1390 1499 ἑξηκοντ’
1401 1440 1476 1499 indu,

978 1510 1011 1560 ιτι
1022 1509 1043 1559 θ’
1054 1510 1218 1573 Ἠράκλιιτον,
1232 1512 1288 1572 φησι
1300 1510 1496 1567 τιτιλιυτηκέναι.

917 1650 960 1707 lle
975 1669 1006 1707 re
1022 1648 1060 1708 cl.
1079 1648 1146 1710 nul.
1168 1648 1246 1710 Geli.
1260 1649 1296 1709 ll.
1317 1653 1377 1710 elit.
1393 1648 1483 1722 litii,
1500 1670 1534 1708 ar
1561 1664 1589 1708 et
1603 1651 1691 1710 Euse-

916 1738 960 1796 bii
974 1737 1084 1795 Chron.
1102 1736 1218 1815 Olymp.
1233 1739 1267 1795 81
1291 1752 1319 1796 el
1335 1739 1381 1795 86.

1242 1931 1270 1991 ι.
1295 1915 1366 1998 (ιν)

955 2089 1079 2166 Diogen.
1096 2092 1193 2148 Laert.
1213 2085 1293 2156 llll,
1315 2087 1351 2160 57
1379 2107 1386 2144 τ
1412 2085 1643 2167 Ἀριστοτέλης
1668 2090 1690 2145 δ’

915 2178 942 2235 έν
956 2179 994 2256 τῷ
1010 2179 1128 2256 Σοριστῇ
1144 2175 1282 2255 (dialogo)
1301 2174 1365 2255 ρησλ
1387 2178 1490 2253 πρῶτον
1505 2174 1689 2253 Ἔμπιδοκλία

918 2264 1058 2348 ῥητορικὴν
1073 2267 1172 2343 ιίιριίν,
1188 2262 1299 2332 Ζήνωνα
1313 2261 1340 2320 δὲ
1364 2262 1586 2334 tintinnire
1610 2262 1636 2323 δέ
1652 2268 1689 2344 τῷ

917 2351 977 2431 πιρὶ
1002 2353 1125 2423 Ποιητῶν
1151 2349 1229 2430 ρησὶν
1247 2347 1288 2408 δτι
1308 2349 1354 2408 καὶ
1380 2348 1526 2428 Ὁμηρικὸς
1548 2355 1562 2410 θ
1586 2351 1690 2427 Ἐμπι·

917 2441 1011 2511 δοκλῆς
1026 2438 1072 2498 καὶ
1086 2438 1168 2505 διινδς
1180 2437 1241 2515 περὶ
1254 2437 1302 2508 τὴν
1318 2436 1412 2518 φράσιν
1426 2437 1534 2517 γέγονα,
1547 2462 1691 2520 praepop-

915 2527 959 2595 κός
970 2528 993 2586 τ’
1007 2526 1043 2585 ὢν
1059 2526 1167 2593 καὶτοῖς
1182 2525 1269 2593 ἄλλοις
1278 2534 1332 2592 τοῖς
1343 2526 1402 2605 περὶ
1416 2524 1555 2599 ποιητικὴν
1569 2526 1692 2607 ίπιτιιίγ-

916 2639 983 2692 μασι
998 2613 1147 2697 χρόμινος·
1162 2613 1207 2673 καί
1217 2613 1249 2687 δὴ
1259 2613 1300 2673 δτι
1313 2614 1460 2695 γράψαντος
1471 2617 1551 2675 αὐτοῦ
1566 2615 1611 2674 καί
1624 2616 1692 2674 ἄλλα

918 2700 1056 2777 ποιήματα
1070 2702 1118 2773 τήν
1132 2723 1161 2760 τι
1175 2706 1220 2759 τοῦ
1236 2700 1336 2779 Ξέρξου
1355 2699 1477 2759 διάδυσιν
1497 2702 1543 2761 καλ
1556 2702 1692 2782 προοίμιοι

919 2791 953 2856 ιίς
967 2790 1119 2852 'brabium
1127 2835 1136 2862 ‚
1149 2791 1223 2848 ταῦθ’
1243 2789 1351 2867 θστιρον
1364 2790 1527 2849 κατέκαυσιν
1541 2791 1641 2871 itemst
1654 2814 1693 2857 τις

916 2879 996 2937 αὐτοῦ
1019 2876 1052 2958 (ἢ
1074 2876 1203 2959 θυγάτηρ,
1216 2873 1251 2943 ὥς
1274 2899 1352 2957 ρησιν
1378 2876 1568 2958 Ἱερώνυμος),
1593 2879 1624 2937 τὸ
1641 2879 1689 2957 μιν

915 2965 1051 3048 προοίμιον
1068 2965 1167 3026 ἄκουσα
1178 3010 1185 3037 ,
1198 2966 1231 3025 τὰ
1246 2963 1273 3024 δὲ
1286 2965 1408 3046 Πιρσικλ
1431 2970 1588 3046 βουληθεῖσα
1603 2968 1647 3027 διδ
1660 2969 1690 3029 τὸ

916 3053 1061 3114 dithalassa
1073 3046 1148 3113 alsat.
1166 3054 1286 3113 Καθόλου
1302 3053 1331 3112 δι’
1344 3076 1409 3133 ρασι
1423 3053 1468 3114 καὶ
1481 3055 1628 3136 τραγῳδίας
1642 3058 1689 3114 αὖ·

918 3140 961 3199 τδν
973 3139 1073 3221 γράψαι
1086 3139 1131 3198 καὶ
1144 3141 1279 3200 πολιτικοί.
1293 3141 1399 3199 Eadem
1414 3162 1431 3201 e
1443 3142 1573 3218 Diogene
1595 3142 1691 3201 Eudo·

916 3229 962 3286 cia
978 3228 1058 3290 viol,
1073 3248 1104 3307 p.
1131 3247 1197 3300 170·
1218 3228 1289 3299 Quae
1306 3229 1339 3287 ia
1354 3229 1575 3291 Pseudo-brist.
1592 3229 1691 3289 Probi.

916 3315 1001 3388 xiil,
1019 3318 1036 3394 s
1057 3338 1093 3374 aa
1120 3317 1274 3376 laudantur
1294 3318 1477 3397 Empedoclis
1494 3318 1623 3400 llrprmd,
1638 3339 1692 3398 pro

918 3403 1027 3465 Φυσικὰ
1042 3408 1136 3482 posita
1151 3425 1214 3466 csse
1228 3406 1374 3464 ridentur.

919 3702 1031 3765 nornine,
1045 3703 1077 3753 ita
1091 3706 1117 3753 ut
1129 3704 1200 3754 simut
1212 3706 1307 3766 tempus
1326 3705 1357 3754 ab
1369 3705 1515 3769 Apollodoro
1534 3704 1689 3768 significetur.

950 3791 986 3839 De
999 3791 1071 3840 alate
1082 3803 1140 3840 vcro
1150 3791 1326 3854 (Empedoclis)
1345 3792 1488 3843 Aristoteles
1502 3791 1613 3842 dissentit
1628 3811 1635 3841 :
1654 3792 1692 3840 illc

919 3876 982 3925 enim
994 3876 1116 3940 σοιιςὶιιιτ
1126 3890 1243 3928 annorum
1256 3891 1311 3927 eum
1329 3878 1418 3928 obiisse
1435 3881 1485 3940 aii;
1501 3879 1540 3928 atii
1553 3879 1649 3928 centum
1666 3882 1692 3929 et

919 3977 1005 4015 liorem
1019 3977 1094 4015 annos
1110 3965 1199 4016 vixisse
1212 3966 1367 4017 oonienduni

1294 4182 1317 4214 4.

947 4349 1088 4400 Aristoteles
1102 4363 1159 4400 vero
1172 4349 1196 4399 ia
1214 4348 1326 4413 Sophiste
1339 4347 1442 4413 primum
1455 4349 1621 4413 Empedoclem
1634 4351 1688 4400 rire·

918 4438 999 4488 lorica
1009 4437 1156 4488 breuiorem
1165 4439 1210 4500 aii,
1220 4440 1341 4488 zenonem
1355 4437 1559 4488 verodialectica.
1595 4442 1620 4488 in
1632 4439 1691 4488 libro

916 4529 998 4576 autem
1012 4524 1043 4576 dc
1058 4526 1139 4576 Poetis
1159 4526 1245 4576 asserit
1259 4525 1412 4576 Homericam
1432 4526 1506 4576 tuisse
1522 4526 1689 4589 Empedoclem

916 4619 940 4663 et
963 4612 1097 4666 elocutione
1118 4613 1219 4664 muitum
1240 4613 1358 4675 valuisse,
1376 4612 1572 4663 translationibus
1586 4613 1644 4663 item
1663 4629 1691 4662 ac

840 4715 841 4722 ¹
916 4701 1001 4753 ceteris
1019 4702 1078 4752 ιιιιι
1093 4701 1194 4765 poetica
1208 4700 1306 4753 leticiter
1324 4700 1457 4752 tractandae
1471 4699 1589 4765 presidiis
1600 4715 1690 4761 usutu;

916 4789 983 4839 addit
997 4790 1068 4839 etlam
1079 4789 1140 4849 troc,
1152 4787 1230 4851 quod,
1241 4801 1316 4852 quum
1328 4791 1353 4838 ei
1366 4788 1413 4838 atis
1426 4792 1538 4852 poemata
1551 4789 1687 4852 scripsisset

916 4885 940 4931 rt
951 4880 1041 4932 xenis
1052 4880 1179 4932 transitum
1194 4882 1218 4929 ei
1233 4879 1352 4943 hymnum
1371 4880 1395 4929 in
1413 4880 1563 4943 Apollinem.
1574 4893 1602 4929 ea
1620 4884 1689 4942 post·

918 4969 1017 5019 modom
1026 4967 1121 5032 ignibus
1131 4967 1257 5018 tradiderit
1267 4980 1337 5017 soror
1348 4968 1458 5031 quedam
1467 4968 1543 5032 ipsius
1553 4969 1562 5028 (
1568 4967 1620 5018 sive
1631 4966 1688 5028 trita,

917 5060 942 5107 ut
961 5059 1043 5108 narrat
1063 5056 1257 5120 Hieronymus),
1275 5055 1391 5119 hymnam
1416 5055 1514 5119 quidem
1533 5054 1688 5118 imprudens,

918 5146 1013 5196 Persica
1031 5148 1111 5196 autem
1130 5143 1235 5210 prudens
1249 5158 1278 5195 ac
1302 5143 1395 5206 seinis,
1414 5144 1478 5207 quod
1502 5157 1530 5193 ea
1549 5141 1688 5205 imperfecta

916 5237 1005 5285 essem.
1018 5234 1123 5285 omnino
1136 5233 1263 5296 tragedias
1273 5234 1338 5284 illum
1351 5235 1467 5298 praterea
1482 5231 1607 5294 scripsisse
1617 5230 1690 5279 reteri

916 5324 939 5370 cl
950 5320 1056 5372 Politice.
