3959 5900
770 798 988 856 Pttntffl'tO.
1508 823 1541 864 ,χ

223 953 261 1001 se
274 953 361 1000 vero
380 943 543 1026 rogatum
557 934 692 1001 Mosam
711 934 859 1018 lionam,
877 928 1057 1001 medicum
1072 928 1269 1025 quemdam
1281 934 1453 1030 Cyprium
1470 934 1538 1005 lin-

222 1074 297 1146 guae
314 1050 465 1124 arabicas
484 1032 739 1151 peritissimum
762 1078 825 1126 eos
853 1053 889 1124 in
908 1049 1061 1127 latinum
1082 1077 1285 1126 sermonem
1305 1056 1537 1128 transtulisse.

221 1180 308 1262 Quae
322 1199 408 1247 vero
420 1176 535 1248 versio
552 1201 666 1273 quum
681 1176 773 1273 stylo
779 1176 881 1272 juxta
893 1173 1077 1249 arabicum
1090 1174 1265 1272 indigesto
1278 1201 1321 1249 ac
1333 1175 1383 1248 ob
1396 1179 1540 1277 imperi·

222 1297 308 1367 tiam
320 1296 747 1372 latinitatisetdictionem
755 1299 1030 1396 incompositam
1041 1298 1210 1389 illiterato
1221 1301 1424 1399 conscripta
1433 1316 1539 1390 esset,

221 1444 283 1491 cos
297 1418 471 1493 latinitate
493 1421 647 1494 donatos
660 1446 736 1495 esse
750 1422 797 1493 ab
824 1420 975 1493 editore.
1000 1421 1097 1509 Quid
1112 1421 1149 1492 111
1174 1420 1232 1493 his
1256 1422 1332 1493 veri
1357 1421 1445 1519 quid
1460 1421 1541 1494 ialsi

221 1542 303 1615 insit
317 1542 513 1639 dijudicare
529 1569 685 1642 nequeo.
707 1550 795 1616 Rem
810 1544 914 1615 sicuti
930 1558 1114 1635 narratur,
1138 1542 1339 1618 itahabere
1360 1568 1398 1617 se
1417 1569 1541 1644 posse,

221 1666 335 1739 simile
346 1668 549 1764 exemplum
561 1666 741 1740 librorum
754 1664 801 1738 de
813 1665 947 1737 Plantis
959 1664 1193 1738 demonstrat.
1207 1671 1277 1739 Fac
1286 1682 1408 1740 autem
1419 1668 1542 1740 omnia

221 1812 306 1860 vera
323 1814 413 1881 esse,
441 1791 570 1862 soetnm
594 1789 752 1862 hominis
769 1786 951 1860 christiani
971 1812 991 1861 e
1019 1802 1119 1861 sexto
1139 1789 1338 1887 septimove
1354 1806 1437 1889 post
1457 1790 1541 1864 Chr.

222 1936 258 1982 n.
281 1912 411 1984 saeculo
432 1910 594 2000 habebis,
610 1936 679 2009 pro
701 1934 810 2008 opere
824 1909 957 1983 falsarii
975 1935 1018 1982 ex
1047 1911 1149 1983 initio
1168 1911 1258 1983 sexti
1287 1910 1435 2003 decimi,
1461 1936 1542 2010 quae

222 2038 270 2108 M.
289 2036 437 2108 Lutlreri
454 2036 561 2108 luisse
577 2034 721 2108 videtur
740 2035 928 2124 sententia,
942 2035 994 2106 ita
1007 2035 1046 2106 in
1065 2035 1226 2132 Epistola
1240 2034 1277 2107 d.
1300 2060 1321 2132 7
1342 2040 1427 2107 Dec.
1452 2035 1543 2133 ¹5¹9

222 2156 434 2231 scribentis:
456 2160 586 2230 Attulit
604 2164 652 2231 D.
681 2157 864 2231 lohannes
879 2164 1012 2229 Hessos
1025 2183 1072 2228 ea
1088 2157 1194 2228 ltalia
1213 2157 1443 2256 Theohrgiom
1457 2161 1542 2230 Ari·

220 2281 359 2352 stotelir
371 2285 685 2378 mysticammrper
700 2283 738 2350 in
751 2283 870 2375 &rhu
882 2280 1103 2370 utscrihunt,
1123 2296 1312 2376 repertam,
1329 2279 1395 2352 hoc
1413 2297 1469 2351 est
1477 2307 1545 2377 per

221 2404 475 2501 sycophantum
499 2405 651 2503 aliquem
676 2407 917 2492 comitiatum,
943 2420 983 2474 ut
1013 2430 1075 2501 ego
1099 2404 1226 2475 sentio.
1255 2408 1308 2474 De
1339 2403 1543 2502 Palaepbato

223 2526 355 2599 borum
385 2527 561 2601 librorum
586 2541 744 2599 auctore>
759 2527 929 2622 cogitare,
949 2551 1059 2624 quem
1076 2525 1204 2598 Suidas
1232 2529 1402 2623 &rutupina
1424 2530 1542 2624 Αἰγυπ·

223 2655 330 2727 11111111
350 2652 533 2749 scripsisse
547 2664 716 2739 testatur,
736 2650 842 2722 sicrtti
858 2650 1032 2721 Patricius
1044 2650 1080 2721 in
1098 2649 1382 2720 Discursionibns
1397 2653 1543 2746 Peripa·

146 2810 151 2819 ·
223 2774 640 2871 tetr'cir,lol.·17,recto,
665 2772 727 2845 ed.
749 2778 892 2859 venet„
917 2773 1022 2869 1571,
1049 2773 1249 2870 suspicatus
1275 2786 1343 2860 est,
1370 2772 1469 2844 utilia
1490 2788 1543 2844 est

224 2898 308 2968 satis
325 2896 454 2971 idonea
472 2922 593 2987 causa,
615 2898 737 2970 multae
750 2910 872 2976 autem
887 2920 968 2995 que
981 2911 1116 2969 vetant.
1133 2899 1301 2969 Ceterum
1316 2895 1411 2968 idem
1432 2898 1545 2969 Patri-

223 3024 301 3095 cius
314 3048 428 3119 quum
449 3024 474 3095 l.
491 3023 517 3095 l.
539 3023 606 3097 bos
624 3022 737 3096 libros
758 3022 940 3095 Aristoteli
961 3021 1214 3118 abjudicasset,
1234 3020 1389 3118 sibiipsi
1406 3022 1545 3094 incons

224 3159 317 3234 tans,
335 3169 398 3217 eos
416 3170 437 3217 e
453 3147 616 3219 versione
638 3128 732 3219 Petri
756 3146 905 3234 Nicolai,
926 3145 998 3217 hoc
1017 3145 1122 3218 titulo
1147 3170 1156 3214 :
1180 3147 1330 3239 Mystico
1351 3146 1544 3248 AEgyptio·

225 3294 301 3339 rum
317 3286 351 3340 et
369 3268 615 3343 Chnhlaeorum
628 3295 652 3340 o
665 3269 814 3341 Plutone
832 3294 921 3341 uoce
940 3268 1088 3354 tradito,
1116 3267 1163 3338 ab
1183 3267 1370 3339 Aristotele
1394 3284 1545 3366 excepto

224 3408 259 3462 et
276 3396 480 3490 antescripto
501 3393 749 3491 Philosophia,
778 3393 905 3467 recudi
931 3392 1072 3465 curavit
1096 3394 1133 3463 in
1157 3415 1269 3490 opere
1300 3392 1473 3489 inscripto
1499 3391 1546 3462 de

228 3521 405 3589 Universis
421 3518 669 3615 Philosophia,
691 3520 872 3608 Ferrariae,
895 3517 1001 3617 1591,
1022 3532 1059 3589 et
1074 3516 1246 3606 Venetiis,
1268 3513 1372 3615 1593.

274 3639 379 3712 Liber
396 3640 441 3711 cie
458 3641 742 3740 Pmprietotihus
761 3643 1017 3713 Elementorum
1035 3641 1108 3712 sive
1132 3640 1324 3713 decausis
1346 3642 1546 3735 Pmpmia-

207 3777 299 3833 'tum
319 3762 580 3838 Elementorum
596 3765 802 3861 inscriptus,
822 3786 1009 3858 nunquam
1033 3759 1133 3857 quod
1153 3761 1263 3830 sciam
1285 3759 1432 3829 seorsim
1452 3758 1546 3854 typis
1605 3829 1608 3838 ,

226 3907 377 3957 excusus
390 3900 444 3957 est
461 3886 616 3982 :legitur
634 3910 719 3958 vero
732 3866 909 3957 ’1111111111
925 3883 1122 3955 Aristotelis
1135 3881 1366 3968 editionibus,
1387 3881 1544 3969 Venetis,

225 4035 259 4081 a.
288 4008 392 4106 1496,
410 4024 436 4080 1.
452 4015 498 4100 ll,
514 4034 548 4081 a.
577 4008 661 4081 1551
680 4024 716 4080 et
736 4006 840 4096 1562,
856 4023 880 4078 t.
898 4012 957 4079 Vl.
974 4012 1023 4077 Ex
1037 4002 1182 4076 arabico
1200 4003 1413 4075 translatum
1424 4002 1545 4092 luisse,

227 4133 313 4205 satis
332 4134 527 4205 ostendunt
539 4133 734 4231 specimina
752 4156 833 4229 quae
856 4131 976 4203 attulit
988 4126 1178 4217 lourdain,
1198 4126 1547 4198 Recherchessurles

228 4255 449 4327 traductions
463 4254 666 4341 «inrisione,
684 4254 739 4327 ed.
756 4277 840 4340 seo,
857 4277 894 4349 p.
917 4255 982 4325 181
1001 4266 1037 4323 et
1056 4254 1140 4337 444.

277 4386 329 4451 De
347 4393 495 4451 auctore
513 4393 549 4452 et
567 4377 733 4451 denariis
749 4374 1043 4474 inscriptionibus
1062 4372 1143 4444 libri
1164 4371 1208 4442 de
1232 4374 1369 4453 Cmnir,
1391 4370 1456 4466 qui
1477 4370 1546 4440 sul»

228 4503 299 4575 hoc
313 4503 418 4576 titulo
434 4504 469 4574 in
482 4503 608 4574 iisdem
624 4501 842 4576 editionibus
858 4501 999 4596 legitur,
1015 4498 1153 4595 egregie
1164 4496 1361 4595 disputavit
1371 4493 1546 4567 lourdain
1612 4493 1617 4501 '

228 4627 254 4697 l.
276 4626 312 4713 Ι.,
334 4651 372 4723 p.
407 4628 474 4700 183
494 4652 537 4697 ss.
562 4628 608 4697 cl.
630 4652 667 4724 p.
701 4624 855 4714 4411211
878 4623 1026 4696 arabico
1045 4646 1210 4695 sermone
1237 4601 1448 4692 translatum
1469 4643 1547 4691 esse

230 4763 381 4820 testatur
399 4755 441 4820 D.
457 4748 625 4838 Thomas,
649 4749 713 4846 qui
731 4750 766 4819 in
784 4773 868 4820 eum
885 4760 1151 4820 commentatus
1173 4760 1239 4817 est.
1269 4750 1335 4835 Eo,
1357 4758 1398 4815 ut
1418 4757 1453 4814 et
1476 4742 1547 4815 lroc

229 4872 373 4962 addam,
398 4874 498 4969 quasi
518 4873 592 4944 veri
611 4872 805 4944 Aristotelis
821 4873 967 4969 scripto,
993 4895 1078 4943 usus
1092 4884 1144 4942 est
1162 4875 1197 4940 F.
1219 4872 1413 4963 Magnauus
1429 4872 1546 4939 Bono-
