3959 5900
278 468 338 535 iil

272 620 365 664 autem
386 604 510 662 omnibus
523 608 585 659 uiro
598 620 704 679 parere
727 603 864 671 iraendat,
883 621 937 657 nec
955 620 1048 677 quern

272 714 357 771 quarn
372 695 489 748 civilium
499 693 624 759 audieus,
640 709 691 746 nec
700 692 808 764 aliquid
818 694 906 745 etiam
918 692 955 745 de
968 710 1044 766 nup-

220 780 230 802 '
272 792 316 841 tiis
326 802 436 840 suorum
447 782 546 837 nobas
556 797 709 855 peragere,
717 780 771 834 'sed
780 796 865 853 quum
882 791 991 854 tempus
1001 778 1049 852 af·

271 869 356 933 fuerit
372 872 453 945 filios
467 869 580 942 filiame
592 863 678 937 foras
700 867 813 921 vadere
831 876 882 921 aut
901 869 1045 941 recipere,

272 973 340 1016 tunc
361 970 454 1014 autem
473 957 571 1011 audiat
588 957 699 1028 qudem
714 959 807 1010 ubam
828 959 859 1010 in
878 955 1006 1010 omnibus
1017 966 1048 1010 et

271 1065 363 1105 seeum
383 1047 516 1102 deliberet
529 1057 559 1100 et
570 1046 682 1099 obediat
693 1049 780 1100 etiam
798 1049 828 1099 ln
844 1062 878 1099 eo
896 1045 972 1118 qssod
988 1048 1048 1118 unse

269 1140 393 1212 precepit
410 1135 549 1190 arbitrans
561 1137 600 1187 sic
621 1137 698 1188 siros
718 1127 819 1210 (viro)
832 1144 913 1207 turpe
924 1149 984 1187 esse
995 1150 1047 1187 eo-

272 1244 333 1278 rum
345 1242 399 1298 que
415 1227 489 1277 intus
503 1231 567 1276 sunt
582 1222 691 1294 abqnsil
704 1238 799 1294 agere,
811 1221 1000 1276 sicutmuliai
1011 1234 1048 1275 ea

270 1331 323 1388 que
340 1309 419 1383 foris
444 1321 509 1365 sunt
526 1313 698 1384 perquirere.
721 1310 782 1365 Sesl
810 1308 942 1363 arbim
968 1309 1050 1363 decet

271 1420 339 1457 uere
360 1401 539 1474 compositam
567 1399 708 1453 mullerem
730 1414 822 1453 mores
838 1399 896 1451 viri
915 1400 976 1452 vite
998 1414 1048 1452 ute

273 1493 348 1564 leges
367 1490 481 1564 imponi,
507 1487 560 1541 sibi
580 1486 653 1540 adso
675 1503 738 1540 cum
761 1487 866 1559 nuptiis
883 1493 912 1539 et
922 1480 1048 1554 fortuna

271 1580 440 1649 conjunctos,
456 1574 638 1649 quosquidem
656 1577 682 1626 si
688 1576 832 1648 patienter
837 1567 922 1643 ferat
937 1567 1045 1648 (facile,

273 1675 353 1739 reget
363 1660 511 1738 domum),
522 1666 548 1716 si
559 1673 652 1717 autem
666 1679 722 1716 non
730 1658 863 1735 difficile.

311 1754 430 1827 Propter
447 1768 501 1826 quc
523 1751 604 1804 decet
625 1767 682 1804 non
699 1750 789 1805 solum
810 1766 895 1823 quum
913 1751 1049 1821 cosaugir

271 1844 362 1896 uirum
374 1840 535 1915 opulentum
545 1855 604 1893 esse
617 1837 700 1892 rebus
719 1848 748 1892 et
766 1836 826 1890 alia
834 1838 928 1910 gloria
940 1846 970 1891 et
979 1853 1047 1909 pru·

271 1932 368 1984 dentia
381 1928 465 1983 simul
481 1928 638 1999 Intelligere
656 1945 691 1981 ac
707 1944 788 1980 suam
801 1926 976 1981 vohutatem
989 1940 1047 1978 ser·

272 2021 336 2084 vire,
356 2034 454 2071 verum
468 2020 553 2071 etiam
563 2021 592 2069 in
607 2014 825 2084 adversitatibus,
840 2017 893 2068 etsi
906 2009 1046 2083 desectum

165 2152 170 2160 .
266 2109 393 2178 patietur
405 2122 507 2170 rerum,
526 2115 576 2158 ant
597 2103 639 2157 ad
654 2102 838 2174 egritudinem
856 2104 979 2175 corporis
998 2110 1048 2154 aut

271 2195 460 2263 ignorantiam
474 2196 568 2246 anime
579 2191 656 2243 dicat
677 2191 789 2261 quidem
801 2207 911 2264 semper
928 2192 1045 2262 optima.

273 2279 437 2353 Obsequitur
463 2290 556 2333 autem
583 2278 711 2331 decentia
738 2287 846 2350 proeter
873 2279 950 2350 quod
976 2290 1048 2350 agat

271 2367 381 2440 aliquid
387 2378 468 2440 turpe
481 2378 531 2421 aut
541 2365 685 2438 indignum
699 2382 707 2418 :
721 2363 774 2418 sibi
782 2377 876 2420 autem
891 2368 945 2439 'assi
955 2384 1048 2422 mcor*

270 2457 351 2509 detur
362 2455 454 2526 siquid
465 2459 513 2508 vir
529 2456 623 2516 anime
636 2454 771 2526 passione
787 2453 831 2507 ad
850 2457 939 2527 bream
955 2454 1048 2509 delin-

273 2553 341 2616 quat
360 2559 369 2596 .·
388 2559 439 2596 nec
457 2543 494 2596 de
508 2543 603 2615 aliquo
619 2551 804 2614 conqueratur
827 2545 908 2615 quasi
925 2541 974 2595 ille
996 2541 1049 2597 troc

267 2634 414 2704 peregerit,
430 2631 481 2684 sed
490 2629 541 2684 liec
559 2632 653 2683 omnia
666 2630 829 2700 egritudinis
843 2640 874 2684 et
890 2632 1048 2700 ignorantie

819 471 1062 531 ntitssosstts
1084 470 1329 532 FRAGMENTA.

1100 608 1174 659 enim
1194 599 1289 674 facile
1308 607 1514 680 participantes
1540 605 1674 668 invenire,
1704 602 1883 663 miserrimis

1102 704 1196 746 autem
1210 691 1307 745 nolum
1318 693 1522 745 communicare
1532 705 1588 749 aaa
1596 693 1701 763 optime
1714 691 1879 761 mulierum

1100 792 1216 855 propter
1227 782 1399 853 qtseomnia
1415 779 1497 834 decet
1516 777 1604 834 mulio
1628 782 1721 853 magis
1741 778 1882 837 noram

1101 874 1178 924 viros
1193 880 1222 924 et
1230 872 1259 923 in
1268 867 1438 923 verecundia
1449 885 1504 921 non
1515 861 1621 922 labere
1626 910 1638 937 ,
1649 869 1703 922 etsi
1715 883 1774 921 non
1786 886 1881 925 conse·

1101 968 1226 1030 quantur
1238 956 1386 1010 cmundum
1404 954 1545 1030 Orpheum
1565 957 1664 1008 mente
1674 956 1786 1010 sanitas
1798 971 1881 1008 sacra

1101 1057 1129 1099 et
1145 1046 1237 1100 divitie
1253 1048 1436 1099 animositatis
1442 1042 1526 1116 filius
1538 1038 1580 1120 {si
1592 1058 1676 1099 secra
1691 1039 1882 1120 pudiciciae

1103 1149 1173 1209 opes
1205 1129 1399 1189 animositatis
1433 1128 1512 1187 filius
1537 1127 1696 1187 secundum
1723 1127 1879 1188 Herculem

1102 1236 1162 1277 non
1174 1230 1333 1296 sequantur
1342 1216 1361 1298 ).
1379 1220 1525 1275 Mulierem
1538 1220 1647 1293 quidem
1661 1223 1748 1292 igitur
1761 1224 1792 1275 sn
1810 1239 1881 1294 quo-

1100 1310 1168 1364 dam
1191 1312 1243 1364 tall
1265 1321 1332 1384 typo
1352 1310 1444 1384 legum
1469 1320 1497 1363 et
1520 1326 1627 1362 morum
1641 1319 1752 1383 oportet
1770 1327 1879 1364 secas·

1101 1399 1197 1453 todire.

1141 1485 1194 1538 Vir
1214 1497 1308 1539 autern
1329 1485 1404 1560 leges
1423 1502 1443 1538 a
1463 1483 1596 1538 similibus
1615 1484 1778 1538 ads'rtveniat
1798 1491 1881 1540 toeori

1102 1569 1238 1651 (uxoris)
1256 1576 1284 1627 ln
1299 1591 1359 1639 usu,
1379 1576 1511 1646 quoniam
1531 1584 1666 1647 tanquam
1681 1577 1759 1627 socia
1776 1578 1838 1628 vite
1851 1582 1880 1628 et

1095 1660 1225 1736 filiorum
1234 1665 1303 1716 sicut
1312 1661 1350 1716 ab
1355 1662 1706 1735 eeterneitatedeprecator
1715 1661 1757 1714 acl
1766 1661 1879 1716 domet

1101 1753 1158 1805 oiri
1169 1754 1294 1805 convenit
1311 1745 1470 1827 (quonism
1485 1759 1632 1823 amquam
1646 1744 1728 1804 socie
1749 1744 1877 1804 liliorum

1101 1847 1131 1894 et
1144 1835 1204 1895 vite
1217 1835 1253 1893 ad
1265 1834 1383 1894 domum
1395 1834 1455 1894 visi
1472 1834 1617 1910 devenit),
1631 1837 1791 1910 relinquens
1798 1837 1879 1910 filios

1100 1928 1254 2001 genitorum
1279 1929 1336 1980 viri
1357 1937 1385 1980 et
1405 1929 1449 1991 sui
1470 1931 1584 1980 nomina
1606 1924 1762 1992 aalrituros,
1781 1925 1879 1999 arabus

1101 2012 1170 2086 quid
1175 2013 1397 2085 sanctiusfieret,
1411 2024 1461 2066 ant
1474 2017 1549 2067 circa
1561 2013 1629 2086 quiri
1640 2016 1733 2087 magis
1743 2015 1792 2066 vir
1809 2030 1879 2068 sane

1101 2103 1201 2154 mentis
1218 2098 1339 2154 studebit
1356 2117 1441 2173 quarn
1455 2118 1493 2153 es:
1505 2104 1611 2173 optima
1633 2109 1662 2153 et
1675 2102 1877 2172 precioslsn'rna

1100 2188 1215 2242 muliere
1223 2188 1304 2261 filios
1310 2205 1474 2263 procreare.
1487 2187 1640 2242 Senectutis
1647 2198 1782 2261 pastores
1799 2193 1879 2261 quasi

1100 2279 1216 2349 optirnos
1224 2284 1253 2329 et
1258 2275 1489 2349 prudentissimos
1493 2278 1585 2348 patris
1595 2285 1624 2328 et
1641 2278 1741 2328 matris
1752 2278 1878 2332 cuuodes

1100 2373 1129 2418 et
1150 2366 1232 2419 totius
1254 2364 1353 2419 domm
1371 2375 1594 2430 conservatorem
1615 2366 1749 2436 quoniam
1769 2365 1878 2419 educati

1099 2452 1210 2526 quidem
1226 2463 1299 2507 recte
1318 2470 1338 2506 a
1344 2462 1431 2527 patre
1448 2463 1477 2507 et
1496 2463 1587 2506 mam
1596 2462 1694 2506 sancte
1705 2462 1736 2506 et
1751 2456 1823 2507 inste
1839 2458 1878 2508 eis

1101 2540 1237 2597 utentibus
1253 2546 1334 2615 quusi
1349 2545 1445 2596 merito
1460 2540 1525 2594 boni
1534 2541 1612 2614 fient
1625 2559 1636 2594 .·
1649 2539 1703 2594 isac
1714 2553 1810 2595 autern
1823 2560 1876 2597 non

1100 2629 1254 2685 obtinentes
1256 2634 1406 2705 patientur
1415 2625 1566 2699 deficiam.
1578 2630 1642 2684 Vite
1657 2634 1732 2683 enim
1745 2633 1876 2704 exempla

267 2733 374 2790 ponere
396 2729 424 2772 et
447 2719 630 2773 accidentium
649 2716 821 2772 delictorum.
838 2717 951 2788 Quanto
973 2723 1048 2775 enirn
1095 2718 1169 2793 filiis
1187 2722 1240 2774 nisi
1251 2704 1463 2793 preparaserini
1482 2721 1620 2790 genitores
1632 2717 1826 2772 excusabilem
1850 2732 1876 2772 et

271 2808 332 2877 quis
354 2807 382 2859 in
397 2804 440 2859 iis
460 2806 621 2883 diligentias
633 2806 809 2879 obsequatur,
823 2815 902 2859 tanto
915 2810 1047 2863 maiorem
1096 2824 1201 2883 puram
1210 2825 1324 2864 causam
1336 2809 1377 2864 ad
1388 2810 1501 2861 invicem
1515 2805 1620 2860 lsuberc
1623 2818 1781 2881 poterunt:
1799 2810 1877 2862 timor

270 2896 396 2964 gratiam
409 2889 523 2948 habebit
543 2896 590 2967 qui
608 2903 720 2947 curatus
735 2894 826 2946 extitit
845 2908 907 2946 curn
923 2891 961 2946 ab
974 2897 1049 2969 egri·

273 2983 371 3037 tudine
376 2979 473 3053 fuerit,
490 2973 633 3041 liberatus.
645 2983 682 3037 Et
696 2987 722 3035 si
741 2983 809 3055 quid
819 2986 846 3035 ei
856 2999 912 3037 non
923 2987 1049 3056 paruerit

273 3070 376 3123 iubenti
398 3087 493 3125 eorum
507 3073 555 3143 qui
568 3088 625 3126 non
649 3070 717 3123 bene
732 3068 837 3123 habent
850 3071 949 3125 mulier
960 3068 1007 3145 (et
1024 3073 1049 3130 si

272 3154 344 3231 quid
364 3157 393 3214 ei
417 3153 530 3214 iubenti
545 3174 605 3214 non
625 3153 700 3212 bene
720 3151 894 3212 habencium
917 3173 978 3213 non
997 3176 1048 3234 pn·

273 3241 481 3300 sueritmuliet·
491 3245 513 3318 ),
534 3245 621 3302 multo
635 3246 727 3316 magis
739 3246 838 3297 sentiet
858 3245 907 3298 ille
920 3258 1046 3315 sanatus,

268 3342 385 3405 propter
403 3332 479 3405 quod
495 3348 565 3406 opus
581 3330 739 3401 brq'usmodi
753 3333 859 3396 timere,
880 3333 910 3384 in
924 3332 989 3386 aliis
1000 3352 1049 3388 au·

272 3429 326 3472 tem
350 3419 436 3474 mulm
456 3419 615 3493 diligentius
627 3418 740 3490 obsequi
752 3435 836 3490 quam
848 3420 874 3471 si
893 3430 988 3493 empta
1001 3439 1049 3475 uc·

272 3511 356 3563 uisset
366 3508 407 3564 ad
418 3508 546 3575 domum,
568 3524 634 3560 nam
647 3509 765 3561 maximi
783 3509 872 3578 precii
885 3516 981 3579 empta
995 3520 1046 3563 est.

271 3593 415 3650 Societatis
429 3611 551 3668 namque
563 3598 621 3648 vite
635 3604 663 3647 et
679 3593 769 3667 prolis·
786 3596 974 3663 generationis
990 3599 1050 3668 qui·

273 3684 323 3738 bus
332 3682 405 3738 niliil
415 3688 504 3737 maius
517 3700 568 3737 nec
579 3686 700 3735 sanctius
710 3680 757 3750 fit.
772 3679 873 3734 Adbuc
885 3684 996 3754 insuper
1011 3686 1050 3736 si..

272 3774 382 3845 qualern
400 3789 461 3825 cum
472 3767 558 3840 felici
573 3773 636 3824 viro
649 3773 764 3824 visisset
777 3787 833 3824 nou
850 3787 957 3843 quoquc
972 3773 1049 3825 sirni-

274 3861 337 3913 liter
337 3855 443 3929 suisset
467 3854 629 3927 manifesta.
653 3857 689 3910 Et
708 3858 819 3930 quidem
835 3874 891 3910 uon
912 3858 1048 3915 modicum

272 3950 356 4000 estin
376 3950 563 4020 prosperitate
574 3950 615 4001 uti
628 3945 696 4000 bene
714 3957 744 4000 et
758 3963 814 4000 non
827 3944 976 4013 humililer,
997 3967 1048 4003 uc·

272 4051 333 4088 nim
343 4045 438 4088 tamea
447 4034 643 4088 adversitatem
652 4029 775 4105 sussime
784 4034 853 4089 bene
861 4034 948 4089 multo
958 4040 1050 4108 magis

274 4125 369 4179 merito
378 4121 554 4179 honoratum.
568 4124 645 4179 Nam
658 4126 687 4176 in
698 4119 837 4178 doloribus
851 4133 879 4177 et
896 4124 1005 4195 injuriis
1020 4138 1048 4179 et

248 4262 252 4271 ,
272 4211 493 4267 tribulationibus
516 4217 679 4268 existentem
710 4213 755 4266 nil
774 4224 855 4288 turpe
877 4217 1048 4270 conmrittere

274 4303 372 4375 magni
384 4303 473 4354 animi
480 4312 532 4357 est.
543 4301 633 4356 Orare
645 4301 755 4374 quidem
769 4304 853 4373 igitur
865 4299 944 4354 decet
954 4304 984 4352 in
994 4301 1048 4354 ail-

274 4391 400 4441 versitate
415 4385 654 4464 (adversitatem)
667 4391 759 4443 virum
777 4405 833 4442 non
844 4391 991 4461 pervenire
1002 4427 1011 4455 ,
1024 4392 1049 4441 si

273 4485 367 4529 autem
391 4476 460 4548 quid
479 4479 583 4530 sinistri
603 4478 748 4548 contigerit
766 4474 899 4529 arbitrari
920 4475 973 4529 sibi
995 4474 1048 4530 isac

273 4568 429 4620 maximam
445 4566 557 4620 hidem
569 4584 628 4620 esse
640 4565 753 4620 honeste
773 4566 904 4633 mulieris,
919 4569 1047 4641 cogitan-

274 4663 328 4707 tem
343 4654 418 4727 qnod
426 4671 476 4708 nec
488 4655 625 4708 Alcestem
642 4649 786 4731 (Alceste)
798 4663 907 4708 tantam
919 4654 972 4710 sibi
984 4656 1047 4729 glo·

273 4744 344 4794 riam
367 4745 550 4815 quasivisset,
577 4759 628 4797 nec
662 4741 802 4818 Penelope
829 4753 869 4798 tot
888 4753 923 4804 vet
952 4754 1048 4797 tantas

275 4828 373 4884 laudes
386 4834 528 4885 meruisset
545 4834 570 4884 si
581 4834 717 4886 viaissent
729 4849 792 4885 eum
807 4827 941 4902 felicibus
952 4833 1046 4887 virr's:

274 4934 325 4971 nec
338 4934 407 4972 vero
427 4922 518 4973 amitti
530 4930 559 4973 et
571 4919 664 4975 Ulixis
676 4919 829 4973 adversitas
843 4917 934 4992 (nnnc
950 4926 1045 4973 autem

275 5001 399 5077 samin,
415 5003 474 5063 ise.
485 5002 600 5063 Admeti
616 5018 646 5064 et
660 5003 756 5064 Ulixis
769 5001 970 5081 adversitates)
981 5023 1045 5079 pre·

272 5107 442 5169 paraverunt
451 5099 490 5150 eis
504 5100 664 5150 memoriam
676 5095 870 5163 immortalem,
875 5088 960 5164 facte
972 5096 1046 5147 enim

275 5188 303 5238 in
317 5184 399 5237 mnis
406 5182 504 5248 fideles
517 5191 544 5236 et
555 5182 633 5252 juste
655 5185 724 5236 viris
735 5181 870 5237 honorate
882 5196 934 5233 nec
947 5181 976 5233 in
989 5197 1046 5235 rne-

274 5280 327 5327 rito
335 5270 492 5346 (immerito
502 5267 511 5348 )
523 5281 588 5326 sunt
599 5288 619 5325 a
639 5270 706 5338 diis,
729 5272 923 5344 prosperitatis
936 5269 1047 5342 quidem

1101 2912 1137 2949 ne
1146 2898 1295 2970 centenurii
1302 2913 1322 2948 a
1327 2894 1401 2970 filiis
1409 2913 1493 2969 qsmrn
1503 2911 1559 2949 non
1573 2893 1642 2949 bene
1654 2896 1827 2951 viverentad
1836 2900 1875 2949 ie·

1101 2987 1211 3038 teritum
1236 2988 1275 3038 eis
1297 2995 1385 3042 crunt.
1409 2985 1528 3058 Propter
1546 3000 1601 3057 que
1621 2987 1697 3038 enim
1717 2982 1792 3038 nititt
1810 3001 1876 3058 opus

1102 3076 1226 3128 orrritterc
1239 3084 1382 3127 curantem
1394 3073 1437 3126 ad
1444 3074 1600 3126 doctrinam
1613 3075 1708 3125 uxoris
1718 3075 1837 3147 seipsum
1848 3084 1877 3125 ut

1102 3165 1183 3216 irsetn
1190 3179 1272 3235 posse
1292 3165 1375 3234 quasi
1395 3179 1433 3215 ee
1452 3164 1563 3235 optimis
1581 3160 1680 3214 llberos
1697 3161 1798 3215 valeat
1812 3158 1876 3234 (ve-

1102 3244 1198 3324 lesnt)
1214 3266 1372 3323 procreare.
1397 3248 1506 3302 Etenim
1527 3248 1654 3321 agricola
1679 3246 1756 3300 nibil
1779 3252 1876 3302 omnia

1101 3335 1237 3390 studendo
1255 3347 1284 3389 ut
1304 3336 1345 3389 ad
1356 3340 1490 3410 optimam
1505 3346 1608 3390 terram
1624 3346 1652 3388 et
1667 3338 1794 3389 inarime
1809 3334 1877 3390 bene

1102 3422 1206 3477 cubam
1230 3441 1324 3478 semen
1348 3442 1510 3478 consumere
1523 3418 1703 3501 (dispenset)
1725 3435 1877 3498 expectans

1102 3514 1142 3564 sic
1149 3510 1204 3565 sibi
1207 3505 1335 3581 srrtcturn
1348 3516 1481 3587 optimum
1485 3513 1565 3586 fieri.
1583 3512 1619 3566 Et
1631 3512 1713 3585 eligit
1722 3530 1778 3584 pro
1795 3530 1831 3567 ca
1846 3527 1876 3566 ut

1102 3617 1157 3656 nau
1175 3612 1281 3655 secetur
1286 3603 1445 3675 pugnando
1464 3619 1526 3655 stum
1544 3599 1665 3655 hostibus
1682 3612 1711 3653 es
1729 3604 1772 3653 sic
1792 3605 1875 3655 conti·

1101 3693 1174 3764 gerit
1194 3692 1265 3743 mori
1280 3700 1309 3744 et
1327 3689 1485 3744 huiasrnodi
1498 3705 1571 3743 mors
1581 3687 1874 3748 matcirueboaorntar.

1106 3774 1163 3835 llbi
1169 3790 1262 3833 autem
1276 3789 1357 3833 tanta
1366 3782 1404 3833 sit
1413 3795 1536 3853 curapro
1545 3780 1668 3851 eorporis
1676 3781 1877 3832 nrurimeutoet

1103 3866 1189 3921 rrritlto
1201 3852 1292 3942 magis
1296 3884 1354 3942 pro
1356 3866 1434 3941 filiis
1443 3878 1471 3920 et
1485 3877 1573 3919 matre
1586 3875 1614 3919 et
1626 3867 1735 3918 nutrice
1745 3865 1788 3918 ad
1794 3884 1876 3939 qnam

1103 3957 1199 4008 aniene
1208 3971 1302 4008 semen
1312 3958 1483 4008 consumitur
1498 3967 1579 4008 omne
1590 3953 1714 4006 studium
1722 3948 1877 4022 estsaeien·

1101 4043 1177 4110 dum,
1191 4040 1243 4095 lroc
1253 4046 1329 4097 enirn
1339 4043 1398 4097 solo
1412 4042 1531 4095 niortale
1543 4058 1625 4094 ornne
1638 4057 1751 4114 semper
1761 4036 1876 4111 sactum

1101 4129 1309 4184 immortalitate
1313 4132 1480 4203 participat,
1492 4141 1520 4183 et
1530 4145 1626 4182 onrnes
1635 4131 1779 4182 orationes
1788 4141 1817 4184 et
1822 4146 1876 4203 pe

1102 4222 1214 4273 titiones
1231 4218 1324 4272 divine
1338 4228 1509 4292 permanent
1518 4228 1713 4292 paternorum.
1734 4217 1816 4273 Unde
1828 4224 1876 4291 qui

1101 4302 1155 4360 icoc
1176 4308 1345 4378 contempnit
1364 4305 1432 4359 deos
1452 4304 1564 4358 videtur
1583 4305 1730 4380 negligere
1735 4324 1747 4371 ,-
1761 4316 1877 4379 propter

1099 4392 1167 4448 eleos
1189 4397 1283 4469 itaque
1302 4411 1396 4448 coram
1419 4392 1518 4467 quibus
1545 4410 1629 4446 sacra
1653 4395 1789 4448 mactavit
1809 4387 1874 4468 (et)

1101 4499 1216 4538 uxorem
1239 4484 1321 4539 duait
1340 4493 1368 4538 et
1392 4482 1480 4537 arulto
1500 4484 1592 4553 niagis
1610 4498 1640 4535 se
1659 4491 1727 4555 post
1741 4492 1876 4556 parentes

1101 4573 1183 4623 osori
1202 4570 1322 4626 tradidit
1333 4570 1375 4624 ad
1394 4569 1538 4628 bonorem.
1564 4568 1712 4623 Maximus
1727 4580 1822 4624 autem
1834 4580 1875 4623 est
1968 4633 1969 4636 Ἴ

1099 4656 1188 4711 bonor
1210 4657 1324 4714 honeste
1340 4658 1449 4712 mulieri
1477 4661 1504 4711 si
1524 4660 1635 4732 respicit
1654 4660 1747 4712 uirum
1770 4667 1874 4711 centuni
1968 4653 1969 4726 J

1099 4761 1159 4800 esse
1174 4749 1204 4800 in
1222 4764 1285 4800 eam
1299 4757 1326 4800 et
1346 4747 1383 4799 de
1398 4746 1481 4800 nulla
1497 4746 1560 4800 alia
1580 4744 1695 4798 nrubere
1707 4756 1870 4800 curantem:
1968 4737 1969 4778 Ῑ

1098 4832 1151 4887 sed
1164 4850 1218 4906 pre
1232 4834 1330 4887 ceteris
1342 4833 1407 4888 aliis
1411 4837 1560 4907 propriam
1578 4844 1607 4887 et
1623 4834 1745 4886 amicam
1757 4843 1786 4886 et
1798 4830 1874 4904 fide·
1968 4837 1969 4840 ’

1101 4922 1156 4976 lem
1162 4929 1326 4994 putetesse,·
1337 4931 1415 4975 tanto
1427 4938 1495 4974 uero
1508 4923 1601 4995 magis
1615 4918 1735 4975 sttnlebit
1743 4933 1775 4974 se
1788 4918 1873 4972 talem

1100 5025 1159 5064 esse
1172 5010 1246 5062 circa
1263 5024 1327 5063 cum
1341 5025 1414 5061 uror
1423 5011 1448 5061 si
1458 5011 1612 5082 cognoverit
1619 5005 1753 5080 fideliter
1762 5016 1791 5061 et
1805 5008 1875 5059 iuste
1968 5017 1969 5040 ¹

1100 5095 1252 5153 amabilem
1271 5100 1365 5151 virum
1378 5113 1448 5168 erga
1468 5112 1498 5149 se
1517 5112 1577 5150 esse
1596 5106 1631 5149 ut
1646 5099 1709 5169 besa
1728 5105 1800 5150 est:
1823 5110 1874 5147 nee

1097 5194 1246 5259 parentum
1267 5187 1318 5256 qui
1330 5188 1373 5238 sui
1394 5182 1512 5238 bonores
1531 5194 1597 5237 sunt
1615 5201 1668 5238 nec
1686 5186 1737 5256 qui
1750 5184 1833 5238 uxori
1845 5191 1874 5236 ct
1968 5229 1969 5232 ,

1101 5270 1221 5338 filiorum
1240 5274 1350 5345 proprii
1368 5282 1398 5325 et
1421 5270 1553 5326 decentes
1574 5281 1603 5324 ct
1626 5268 1751 5324 tribuens
1768 5267 1875 5345 singuli
