3959 5900
280 497 340 558 lbi
806 502 1050 564 ARISTOTELIS
1071 500 1321 564 FRAGMENTA.

278 619 406 698 τιμωρίας
420 614 577 699 petrapium
598 621 643 681 bale
660 620 820 702 petrapium
834 621 975 702 ὀλιγωρίαν
992 627 1045 683 τῶν

278 708 316 773 εἰς
334 706 413 766 αὑτὸν
428 706 446 779 ἢ
460 710 511 766 τῶν
524 712 612 782 αὐτοῦ,
629 713 676 768 ru's'
690 709 825 789 ὀλιγωριῖν
849 709 1044 791 προσηκόντως,

278 808 378 855 exstat.

318 882 411 943 Aliter
424 902 493 942 vero
502 884 539 942 de
550 883 598 943 his
611 882 793 943 statuendum
803 884 860 944 erit
871 885 957 958 loeis,
972 905 1047 964 quos

278 969 355 1028 infra
367 988 403 1029 ex
417 971 517 1030 eodem
533 974 640 1031 Seneca
657 973 876 1051 exscripsimus,
890 975 922 1034 in
937 974 1047 1053 quibus

278 1070 429 1135 postquam
444 1059 625 1119 Aristotelem
639 1059 692 1118 irae
706 1060 886 1120 defensorem
902 1062 1047 1121 exstitisse

278 1144 444 1218 affirmavit,
468 1164 566 1204 eume
587 1146 751 1206 Stoicorum
772 1148 913 1208 doctrinae
926 1149 1046 1207 rationi·

277 1230 332 1292 bus
345 1232 517 1311 impugnare
532 1248 750 1310 aggressusest.
760 1234 860 1294 Talem
874 1248 969 1295 autem
981 1254 1046 1295 sen·

277 1318 394 1378 tentiam
409 1339 497 1398 quum
509 1340 625 1398 nequee
635 1321 840 1401 superstitibus
849 1322 934 1382 libris
945 1321 1046 1402 philo-

275 1404 368 1483 sopho
381 1408 529 1486 propriam
543 1409 632 1468 luisse
643 1407 827 1489 comprobari
840 1411 942 1489 possit,
952 1429 1047 1488 neque

277 1493 430 1572 quisquam
452 1496 528 1555 alius
548 1496 699 1558 Aristoteli
713 1496 837 1571 tribuat,
851 1497 921 1557 satis
933 1496 1044 1576 proba·

275 1580 375 1641 biliter
395 1582 516 1642 fortasse
543 1584 683 1661 conjicias
708 1585 874 1645 Aristotelis
901 1606 1045 1646 nomena

275 1671 382 1728 Seneca
405 1671 481 1728 male
510 1691 566 1750 pro
589 1672 849 1752 Peripateticorum
872 1687 1043 1753 usurpatum

276 1755 373 1829 luisse,
380 1758 699 1836 quippequosinsimili
707 1761 793 1840 plane
800 1765 1046 1845 argumentatione

275 1842 442 1903 aCicerone
461 1858 489 1904 et
499 1845 670 1907 Philodemo
686 1848 737 1928 (cl.
753 1849 828 1908 inira
839 1849 876 1909 ad
894 1850 995 1927 fragm.
1008 1853 1042 1929 3)

274 1933 439 1992 nominatos
453 1934 612 1995 videamus.

312 2019 413 2079 Talem
445 2041 516 2081 vero
550 2023 581 2082 in
611 2024 767 2086 asserendis
799 2027 923 2086 aliorum
948 2024 1045 2085 verbis

273 2108 407 2186 supinam
422 2108 567 2168 levitatem
582 2129 599 2168 a
614 2109 722 2171 Seneca
735 2132 794 2171 uon
805 2113 929 2172 alienam
942 2113 1042 2184 brisso,

273 2196 320 2254 rel
342 2215 401 2255 uno
422 2199 556 2276 exemplo
571 2197 762 2259 demonstrari
777 2203 892 2278 poterit.
907 2201 970 2259 Non
985 2200 1043 2258 mi·

273 2303 327 2342 nus
340 2285 418 2343 enim
441 2287 598 2345 oscitanter
612 2288 720 2366 scripta
740 2304 806 2349 sunt
822 2310 887 2368 quae
906 2291 1043 2366 leguntur

272 2369 350 2445 apud
365 2370 487 2429 eundem
502 2372 538 2430 de
552 2373 663 2434 Brevis.
681 2376 752 2435 vitae
770 2399 797 2436 c.
815 2397 827 2434 1
851 2399 858 2435 ι
875 2381 948 2435 Inde
965 2380 1043 2434 bns·

272 2476 422 2515 srornnt
447 2478 509 2514 cum
524 2480 615 2516 rerum
637 2476 739 2520 natura
759 2470 901 2540 exigenti,
929 2469 1043 2521 mtnime

271 2548 432 2600 conveniens
445 2552 567 2619 sapienti
579 2554 640 2605 uiro
653 2551 688 2607 lie
703 2564 745 2607 est
756 2570 768 2609 :
779 2553 860 2608 illam
874 2553 1042 2609 annualibus

271 2643 379 2688 tantum
400 2634 561 2703 indulsisse,
578 2647 609 2689 ut
620 2642 705 2710 quina
716 2653 765 2694 aut
778 2642 853 2696 dena
866 2642 961 2695 secula
974 2643 1041 2696 edre·

271 2735 385 2795 cerent,
400 2721 507 2777 domini
526 2729 555 2778 in
576 2735 634 2779 tam
654 2729 744 2783 multa
760 2748 795 2784 ac
807 2716 1039 2803 magna-genito]

270 2824 349 2870 tanto
373 2817 524 2868 citeriorem
546 2820 691 2870 terminum
716 2830 802 2874 stare.
824 2814 909 2885 Quod
931 2816 1039 2876 dictum

269 2897 482 2980 Theophrasti,
504 2913 564 2960 noa
577 2921 648 2961 vero
670 2902 837 2965 Aristotelis
855 2923 934 2976 esse,
950 2906 1041 2966 notis·

270 2987 344 3047 sima
358 2989 509 3049 Ciceronis
529 2988 620 3049 verba
639 2990 786 3051 declarant
799 2992 918 3052 Trucul.
934 2991 1041 3071 Dispu-

269 3085 320 3134 tat.
332 3073 387 3146 ΙΙΙ,
400 3077 446 3135 23.

306 3163 447 3239 Opinioni
462 3183 548 3241 quant
567 3163 674 3224 Rosius
693 3166 845 3245 amplexus
864 3178 923 3237 est,
941 3167 1039 3227 dialo-

269 3249 333 3325 gice
347 3252 543 3327 conscriptum
556 3252 643 3311 finisse
655 3251 763 3312 librum
771 3252 833 3332 περὶ
842 3256 933 3312 παθῶν
942 3253 1040 3334 Ὀργῆς

269 3356 363 3416 neque
379 3337 442 3416 ipse
454 3339 555 3397 titulus
566 3339 643 3398 lavet
656 3359 751 3417 neque
765 3342 843 3399 locus
856 3360 941 3419 quem
952 3341 983 3400 in
995 3343 1039 3401 in·

269 3426 334 3484 dice
344 3425 467 3488 obtinet.
479 3426 613 3485 Ceterum
625 3428 711 3504 plane
729 3428 873 3488 diversam
886 3429 1039 3490 Aristoteli

269 3512 357 3573 luisse
370 3514 406 3573 de
426 3514 471 3573 ira
488 3515 659 3574 sententiam
673 3535 759 3594 quam
772 3536 838 3595 qua
854 3536 872 3574 a
889 3516 998 3577 Seneca
1011 3520 1038 3578 ei

268 3600 420 3679 tribuitur,
433 3603 589 3663 ostendunt
600 3603 759 3679 fragmenta
770 3603 910 3663 aloaune
919 3603 1036 3665 Stobaeo

267 3702 380 3748 servata
393 3708 458 3767 quae
474 3710 491 3750 e
504 3691 622 3766 dialogo
635 3691 671 3749 de
682 3689 800 3751 lustitia
813 3692 963 3771 desumpta
975 3712 1038 3753 esse

267 3795 449 3853 conjicimus.

589 3956 601 3994 t
631 3936 727 4015 (ιιι).

304 4074 412 4136 Seneca
427 4078 463 4136 de
483 4076 530 4136 lra
552 4078 578 4150 l,
602 4099 633 4157 9,
654 4099 672 4138 a
693 4085 787 4152 alra,
809 4087 899 4157 inquit
913 4084 1036 4140 Amsan-

266 4185 362 4237 runes,
383 4174 540 4225 necessaria
557 4181 607 4239 est,
620 4188 672 4225 nec
686 4172 837 4245 quidquam
847 4176 907 4226 sine
917 4173 969 4226 illa
982 4190 1036 4226 ea-

261 4261 387 4328 pugnari
391 4268 493 4331 potest,
511 4262 566 4312 nisi
583 4259 635 4312 illa
649 4260 767 4333 impleat
777 4263 901 4314 animum
913 4263 1034 4333 etspiri·

265 4353 321 4397 tum
344 4345 489 4402 accendat.
514 4345 653 4402 Utendum
673 4358 765 4402 autem
786 4349 840 4402 illa
852 4360 909 4415 est,
933 4366 989 4403 non
1006 4360 1037 4403 ut

263 4430 339 4499 duce,
357 4434 447 4489 redut
457 4435 554 4493 utilite.
570 4434 654 4507 Quod
664 4434 834 4506 ectsnlsum.

586 4608 603 4646 ι
626 4588 719 4664 (ιιι).

265 4781 267 4786 .
304 4726 413 4787 Seneca
431 4728 467 4786 de
484 4727 532 4786 lra
545 4727 586 4797 ll,
602 4747 673 4801 ¹72¹
695 4749 703 4785 ε
724 4727 918 4787 bmsroreass
935 4738 977 4787 ait
988 4730 1036 4804 as-

257 4814 354 4890 sertia
365 4818 499 4893 quosdam
516 4822 610 4891 siquis
622 4819 682 4874 illis
693 4818 763 4873 bene
775 4829 869 4874 utatur
880 4838 934 4893 pru
948 4826 1036 4876 arnis

264 4926 334 4980 esse.
355 4909 438 4980 Quod
462 4925 559 4963 verrem
575 4905 668 4979 foret,
681 4911 709 4963 si
723 4909 801 4964 veltet
816 4909 918 4964 bellica
935 4913 1035 4964 insau-

266 5007 361 5052 menta
372 4999 445 5049 sumi
458 4996 614 5069 deponique
621 5008 734 5070 possem
746 4997 886 5051 induentis
903 4994 1033 5054 arbitrio.

266 5084 337 5140 Bac
354 5101 446 5153 arma,
461 5099 526 5156 quoe
542 5085 704 5140 Aristoteles
714 5088 815 5139 uirtuti
824 5084 887 5151 dat,
908 5085 971 5156 ipsa
982 5100 1038 5157 per

265 5183 504 5246 repugnaturum
516 5182 681 5244 easpectant
688 5190 812 5240 uranum,
828 5169 935 5226 liabent
940 5181 970 5225 et
980 5189 1036 5227 nan

266 5256 411 5318 labentur.

1428 624 1445 681 ³
1466 622 1561 704 tant

1139 770 1244 827 Seneca
1256 767 1292 827 tle
1309 768 1358 828 Ira
1372 766 1426 840 lli,
1440 768 1469 844 3,
1486 789 1498 826 ι
1519 788 1527 825 z
1539 772 1638 844 Atqui,
1652 781 1683 824 ut
1695 773 1726 825 in
1733 772 1878 845 prioribus

1099 858 1179 912 libris
1192 858 1260 927 diei,
1276 869 1334 913 stat
1345 859 1539 915 Antronas
1551 854 1682 929 drrsensor
1690 862 1743 914 irre
1750 871 1781 915 et
1792 872 1874 917 vetat

1099 946 1180 1000 illam
1194 945 1270 1001 nobis
1282 950 1415 1001 ausari.
1429 946 1535 1001 Calear
1543 951 1585 1001 ait
1594 964 1653 1001 esse
1671 951 1796 1006 atratis.
1814 948 1876 1004 Hac

1098 1045 1195 1107 erepta
1205 1038 1337 1089 inermem
1349 1036 1474 1089 animum
1486 1035 1563 1088 etad
1571 1046 1685 1089 conatus
1698 1052 1819 1107 magnos
1827 1040 1875 1110 pi·

1097 1137 1179 1191 grum
1195 1125 1363 1195 inertemque
1372 1120 1447 1188 fieri.

1139 1204 1197 1264 Nec
1204 1205 1305 1266 minus
1314 1206 1351 1265 ad
1359 1205 1555 1280 Aristotelem,
1564 1207 1733 1285 seupotius,
1745 1219 1876 1286 utsupra

1098 1289 1235 1366 diximus,
1248 1293 1285 1352 ad
1295 1293 1503 1367 Aristotelicas,
1518 1306 1647 1372 spectare
1657 1294 1796 1353 videntur
1809 1315 1875 1373 qua

1099 1377 1171 1437 dicit
1184 1379 1241 1454 ltt,
1253 1382 1282 1453 3,
1300 1381 1316 1439 5
1335 1402 1341 1438 ι
1358 1382 1423 1442 Non
1434 1395 1477 1439 est
1494 1402 1561 1456 ergo
1572 1384 1648 1457 quod
1656 1402 1702 1439 me
1712 1394 1796 1458 putes
1805 1395 1874 1440 ιειιι·

1094 1488 1149 1543 pus
1169 1475 1198 1526 in
1220 1475 1395 1547 supervacuis
1409 1490 1585 1543 consumere,
1608 1472 1686 1546 quod
1705 1477 1779 1527 iram
1795 1478 1876 1546 quasi

1098 1558 1191 1614 dubita
1203 1560 1283 1636 apud
1291 1559 1418 1616 domines
1429 1564 1571 1634 opinionis
1581 1564 1617 1614 sit
1628 1556 1778 1633 infamem,
1787 1579 1873 1634 quum

1098 1647 1201 1720 aliquis
1219 1652 1258 1702 sit
1275 1659 1305 1702 et
1325 1647 1436 1721 quidem
1454 1647 1491 1702 de
1510 1646 1662 1701 illrutribus
1682 1645 1872 1720 pbilosophis,

1098 1739 1146 1809 qui
1163 1736 1206 1790 illi
1220 1736 1327 1791 indicat
1340 1753 1441 1809 operas
1453 1746 1483 1790 et
1499 1745 1641 1809 tamquam
1656 1736 1754 1790 utilem
1770 1740 1875 1809 etspi·

1097 1828 1166 1878 ritus
1187 1825 1441 1880 subministrantem
1469 1826 1498 1877 ln
1524 1824 1650 1897 proelin,
1675 1827 1705 1876 in
1715 1866 1720 1875 .
1730 1834 1808 1877 actus
1833 1841 1875 1877 re-

1097 1928 1168 1979 rum,
1179 1914 1308 1969 adamae
1321 1912 1499 1987 quodcunque
1514 1912 1607 1966 calore
1615 1912 1710 1984 aliquo
1719 1910 1874 1984 gerendum

1097 2008 1139 2053 est
1153 2012 1243 2057 nocet.

1136 2081 1263 2143 Eandem
1286 2082 1457 2142 sententiam
1478 2101 1564 2160 quam
1579 2082 1628 2141 hic
1648 2085 1799 2160 impugnat
1821 2084 1874 2140 Se·

1968 2132 1970 2167 l

1098 2189 1169 2229 neca
1193 2184 1222 2231 et
1239 2169 1310 2229 alibi
1331 2171 1433 2247 tangit,
1451 2167 1492 2227 ita
1511 2167 1552 2240 ll,
1575 2170 1623 2248 15,
1648 2190 1675 2243 ι,
1700 2168 1740 2239 ll,
1770 2167 1817 2241 16,
1846 2189 1871 2245 ι,
1969 2186 1970 2197 ’

1096 2259 1136 2329 ll,
1162 2261 1209 2329 16,
1230 2260 1260 2335 3,
1274 2258 1435 2338 praesertim
1452 2277 1523 2316 vero
1537 2255 1563 2330 l,
1582 2279 1611 2331 η,
1630 2278 1643 2316 ι
1662 2276 1670 2317 :
1694 2260 1769 2315 lium
1781 2261 1870 2335 quid..

1096 2353 1138 2403 ira
1149 2349 1323 2405 adsumenda
1335 2360 1387 2418 ert,
1399 2354 1468 2423 quia
1480 2349 1558 2404 utilis
1571 2343 1734 2423 soepesuit?
1753 2347 1873 2403 Extollit

1968 2314 1970 2431 l

1095 2440 1204 2492 anirum
1216 2447 1246 2491 et
1258 2440 1373 2506 iaciunt,
1398 2456 1449 2493 nec
1467 2443 1617 2511 quicquam
1630 2439 1691 2490 sine
1704 2436 1758 2490 illa
1771 2440 1871 2509 magni
1969 2484 1970 2499 ,

1091 2521 1178 2591 ficum
1199 2525 1229 2575 in
1250 2518 1322 2577 betto
1345 2521 1479 2584 fortitudo
1491 2527 1576 2599 gerit,
1588 2526 1645 2578 nisi
1658 2522 1727 2577 ltine
1744 2526 1871 2595 stamma
1969 2532 1970 2537 ’

1096 2610 1208 2664 subdita
1223 2621 1304 2666 estet
1323 2609 1370 2665 laic
1380 2613 1506 2669 stimulans
1511 2614 1686 2686 peragitavit
1699 2614 1827 2686 misitque
1842 2618 1871 2667 in

1092 2700 1219 2771 pericula
1233 2700 1366 2757 audaces.
1386 2700 1528 2773 Optimum
1541 2702 1634 2772 itaque
1646 2699 1763 2772 quidum
1769 2708 1872 2772 putam

1094 2799 1250 2860 temperare
1265 2793 1349 2858 iram,
1361 2806 1417 2845 non
1431 2789 1540 2855 tollere,
1558 2804 1644 2861 eoque
1656 2787 1782 2843 deaacto
1796 2788 1871 2862 qim!

1093 2879 1221 2933 exundat
1232 2880 1274 2933 ad
1280 2880 1434 2934 salutarem
1451 2877 1562 2933 moritum
1580 2893 1690 2949 cogere,
1704 2877 1737 2931 id
1747 2895 1816 2932 uem
1825 2896 1869 2932 re·

1094 2969 1182 3020 tinere
1191 2970 1251 3020 sine
1260 2985 1314 3040 quo
1322 2967 1467 3039 languebit
1478 2970 1553 3020 actio
1562 2976 1590 3019 et
1596 2968 1682 3019 uisae
1692 2969 1777 3037 uigor
1782 2969 1869 3021 animi

1092 3056 1251 3114 resolvetur.
1493 3106 1498 3114 .

1132 3137 1284 3199 Ciceronis
1297 3139 1383 3218 plane
1400 3138 1507 3198 similis
1521 3137 1602 3196 locus
1619 3138 1727 3217 dequo
1738 3141 1799 3214 iam
1811 3138 1863 3198 lo·

1093 3225 1154 3285 cuti
1176 3244 1276 3286 sumus
1297 3227 1347 3286 hic
1368 3239 1431 3303 est,
1448 3225 1567 3287 Tuscul.
1584 3225 1703 3304 Disput.
1725 3226 1781 3300 lll,
1804 3248 1864 3303 19:

1093 3317 1190 3387 (laidi
1218 3319 1294 3391 quod
1314 3318 1400 3372 iidem
1432 3317 1620 3390 Peripatetici,
1645 3318 1868 3390 perturbationes

1093 3408 1169 3471 istas,
1188 3423 1258 3478 quas
1271 3423 1322 3461 nos
1340 3404 1539 3479 aestimandas
1552 3415 1692 3476 putamus,
1714 3423 1772 3462 non
1785 3407 1867 3462 modo

1092 3492 1235 3547 naturales·
1245 3509 1304 3547 esse
1320 3493 1428 3565 dicunt,
1442 3492 1495 3547 sed
1508 3495 1594 3546 etiam
1608 3491 1716 3546 utiliter
1732 3510 1751 3546 a
1765 3504 1866 3548 namra

1091 3591 1185 3646 dmar.
1196 3589 1319 3662 Qrtorum
1327 3602 1369 3645 est
1381 3591 1448 3646 talis
1458 3592 1557 3648 oratio.
1567 3588 1692 3652 Prienam
1702 3589 1796 3644 multis
1803 3608 1866 3644 uer·

1091 3681 1132 3734 bis
1139 3678 1314 3733 iracundiam
1327 3679 1462 3746 laudant,
1471 3688 1559 3734 cotem
1564 3674 1740 3746 fortitudinis
1751 3696 1812 3733 esse
1821 3680 1865 3756 di·

1090 3780 1157 3824 eunt
1167 3766 1307 3842 irrultoque
1321 3778 1351 3822 et
1365 3772 1395 3822 in
1409 3765 1514 3822 bostem
1529 3777 1557 3820 et
1571 3769 1601 3819 in
1616 3765 1770 3840 inqrrubum
1779 3770 1864 3822 ciuem

1090 3856 1308 3912 uehementiores
1320 3859 1454 3911 iratorum
1478 3843 1605 3927 impetusv
1617 3870 1688 3912 erre.
1709 3853 1794 3909 Leues
1811 3870 1864 3907 aar·
1965 3909 1966 3938 q

1090 3956 1144 4000 tem
1162 3945 1335 4001 ratiunculas
1356 3961 1450 4004 eorum
1466 3947 1515 4015 qui
1528 3945 1570 3996 ita
1585 3946 1744 4014 cogitarent
1760 3960 1772 3994 .·
1780 3959 1864 4016 prae·
1965 3959 1966 3974 ι

1091 4034 1159 4088 lium
1177 4043 1280 4088 rectum
1293 4042 1335 4086 est
1354 4029 1407 4087 lroc
1418 4030 1506 4103 fieri,·
1522 4033 1648 4085 convenit
1662 4031 1795 4084 ‹limicare
1806 4047 1864 4103 pru

1091 4121 1216 4194 legibus,
1230 4137 1287 4194 pro
1307 4115 1449 4191 libertate,
1459 4136 1516 4192 pro
1527 4121 1637 4191 patria.
1659 4117 1730 4172 Hree
1753 4117 1862 4171 nullam

1089 4208 1197 4265 babent
1207 4213 1279 4275 uini,
1290 4211 1344 4262 nisi
1357 4211 1401 4262 ira
1413 4203 1719 4274 eacuduitsortitudo.
1730 4206 1790 4261 Nec
1795 4221 1864 4260 vera
1964 4275 1965 4290 ¹

1087 4298 1126 4352 de
1136 4295 1317 4351 bellatoribus
1328 4294 1417 4349 solum
1430 4294 1589 4368 disputant,
1602 4297 1863 4368 impuriasereriara

1088 4384 1169 4438 nulla
1182 4384 1413 4456 eeceptttantsine
1426 4381 1522 4455 aliqua
1535 4381 1688 4436 acerbitate
1696 4380 1860 4439 iracundia.

1090 4472 1234 4528 Oratorem
1248 4472 1367 4544 denique
1378 4487 1434 4525 non
1450 4469 1532 4525 modo
1546 4480 1733 4538 accusantem,
1757 4468 1809 4524 sed
1826 4470 1869 4522 ne'

1087 4554 1283 4623 defendentem
1292 4558 1403 4632 quidem
1413 4556 1538 4631 probant
1548 4560 1610 4610 sine
1628 4555 1736 4609 aculeis
1749 4558 1860 4609 iracun-

1088 4645 1156 4705 diae.
1173 4646 1244 4717 Qua
1257 4651 1369 4702 etiamsi
1385 4664 1440 4702 non
1457 4646 1548 4713 arisit,
1563 4655 1657 4699 tamen
1670 4644 1767 4699 uerbis
1779 4653 1862 4717 atque

1089 4744 1168 4789 motu·
1181 4736 1368 4791 simulandam
1392 4734 1570 4806 arbitrantur,
1587 4744 1619 4788 ut
1636 4733 1772 4790 auditoris
1788 4735 1860 4787 iram

1087 4827 1205 4878 oratoris
1216 4824 1350 4879 incendat
1362 4827 1446 4882 actio.
1461 4823 1559 4877 Virum
1571 4822 1692 4895 denique
1704 4817 1799 4876 videri
1809 4835 1861 4873 ne-

1088 4918 1172 4983 gant,
1189 4914 1238 4983 qui
1252 4915 1337 4965 intres*
1352 4915 1458 4967 nesciat
1476 4926 1594 4984 eamque
1616 4926 1700 4982 quam
1717 4909 1857 4964 ἱειιίιαιιιιι

1089 5015 1139 5052 nos
1159 4997 1292 5066 dicimus,
1312 5002 1415 5054 vitioso
1438 4999 1608 5054 lentimdinis
1626 5001 1740 5052 nomine
1758 4994 1858 5072 appel·

1091 5085 1162 5139 lant.
1184 5080 1229 5141 ct.
1245 5080 1447 5143 Philodemum
1471 5083 1509 5143 de
1525 5081 1584 5156 lra,
1606 5081 1639 5141 in
1660 5081 1771 5142 solum
1789 5079 1857 5139 ller-

1091 5170 1149 5230 tul.
1166 5169 1262 5232 Onon.
1284 5171 1370 5244 abab,
1383 5169 1418 5229 P.
1434 5169 1460 5243 l,
1477 5171 1533 5234 col.
1547 5175 1585 5239 tt.
1603 5167 1710 5231 ιἜνιοι
1720 5171 1784 5249 γῶν
1806 5171 1860 5227 siir

1093 5259 1326 5338 Περιπατητικῶν,
1340 5254 1376 5326 ὥς
1390 5279 1441 5316 nou
1460 5256 1506 5318 nal
1525 5256 1650 5339 πρότερον
1668 5252 1857 5336 παριρνηιθη-
1960 5257 1962 5284 l
