3959 5900
298 503 357 563 136

359 634 399 684 Ἐν
412 634 432 685 δ’
447 636 506 699 ίρις,
520 636 544 685 ἐν
559 637 580 685 θ’
596 636 670 696 dirui,
687 637 880 700 άνδὲνρυόεσσα
891 641 966 703 iunii,

355 706 381 755 iu
388 707 413 756 δι’
422 722 448 755 τε
459 706 555 769 Γοργείη
563 708 652 769 ιεραλή
661 709 746 757 δεινοῖο
756 709 863 771 πελύρυι
872 711 910 771 (ΙΙ.
920 728 941 773 ε,
950 716 997 762 ilo
1006 714 1064 777 sq).

286 823 366 895 Φησὶ
379 823 402 882 δ’
416 820 647 900 Ἀριστοτέλης
656 821 696 880 ὅτι
708 822 812 900 μήποτε
827 827 897 904 ίντῇ
911 826 1003 886 άσπίδι
1017 831 1063 887 οὖν

290 910 371 982 utic-ip
398 899 454 989 εἶχε
468 909 515 979 τὴν
532 909 649 989 κεφαλὴν
667 914 715 982 τῆς
735 910 877 993 Γοργόνος,
895 911 985 995 ὥσπερ
1004 915 1062 975 ciii

287 998 336 1069 τὴν
349 996 426 1078 Ἐριν
440 996 499 1056 odit
512 995 560 1069 τὴν
569 998 713 1078 κρυόεσσαν
726 996 835 1074 'lorcin
851 1000 919 1059 dili
932 1002 962 1062 τὸ
976 1004 1006 1062 ἔτι
1017 1008 1063 1077 τῆς

289 1085 416 1166 Γοργόνος
444 1085 594 1165 γιγνόμενον
614 1094 667 1151 τοῖς
691 1088 799 1168 ἐνορῶσι
822 1089 905 1157 πάθος
925 1092 1062 1165 καταπλη-

284 1198 385 1234 ΧῗῖΧΟνι

328 1263 407 1322 idem
419 1264 574 1334 scholium,
587 1263 695 1322 eisdem
710 1264 769 1322 iere
779 1265 896 1338 verbis,
909 1268 945 1327 ad
954 1270 1058 1348 Odyss.

284 1354 311 1423 λ,
322 1352 379 1421 631.
391 1350 534 1421 occurrit,
551 1371 581 1429 p.
595 1350 664 1423 527,
682 1351 716 1407 15
729 1351 830 1425 iliud,
847 1367 875 1412 et
887 1353 995 1415 diseno
1007 1359 1059 1416 tri-

286 1438 585 1517 iruiturPorphyrio,
606 1452 638 1496 ut
653 1437 760 1498 Rosius
773 1439 925 1514 observat,
944 1444 975 1502 in
993 1445 1057 1506 coti,

283 1522 514 1607 vindobonensi.
540 1525 580 1584 Eo
602 1546 671 1585 usus
691 1542 734 1585 est
754 1527 922 1590 Eustathius
940 1552 1058 1611 quoque

284 1636 313 1693 p.
336 1624 421 1687 ¹704,
443 1616 546 1693 quiex
567 1633 668 1673 errore
686 1614 722 1673 ad
735 1614 833 1686 iliad„
857 1638 886 1696 p.
900 1619 966 1687 603,
993 1617 1057 1678 ἴδιόν

215 1736 218 1745 ·
283 1725 308 1759 τι
328 1702 491 1780 σύγγραμμα
505 1702 565 1781 περὶ
584 1703 682 1778 αἰγίδος
701 1703 907 1782 Aristophanis
923 1707 1057 1784 Byzantii

282 1803 441 1863 memorat,
462 1788 541 1867 quod
566 1789 725 1869 Porphyrii
746 1805 824 1862 erat,
847 1805 879 1850 ut
900 1813 937 1851 er
956 1794 1055 1855 Seiroi.

282 1877 390 1936 remu
410 1878 446 1936 nd
470 1878 503 1938 lt.
525 1881 560 1954 β,
585 1888 641 1952 447
659 1892 788 1957 apparet
803 1879 868 1939 Non
882 1897 947 1942 erat
965 1884 1056 1960 igitur

281 1990 334 2026 eur
347 1968 384 2027 de
399 1969 603 2046 Aristophanis
619 1969 738 2027 nomine
751 1969 781 2027 in
797 1971 963 2049 Aristotelis
978 1973 1053 2051 apud

281 2058 461 2116 iiustuthinm
487 2058 505 2115 l.
534 2058 551 2114 l.
566 2058 704 2121 ululando
729 2059 869 2134 cogitaret
888 2060 1049 2135 Numicius,

283 2148 419 2222 Aristoplu
437 2151 505 2219 ipe.
514 2144 688 2220 fragmenta
706 2166 733 2223 p.
749 2148 819 2218 273.

589 2299 623 2356 ιν
650 2299 742 2376 (ηε).

317 2435 413 2493 Schoi.
433 2434 533 2496 venet.
551 2436 623 2495 llad
639 2436 673 2497 ll.
693 2461 724 2508 ε,
748 2442 805 2511 778
823 2462 830 2497 :
851 2443 927 2500 λίδὲ
943 2442 1048 2521 βάτην,

275 2521 391 2601 τρήρωσι
418 2521 553 2581 πελειάσιν
579 2522 668 2604 ἴθμαθ’
693 2527 801 2600 ὁμοῖαι,
817 2549 848 2605 ρ.
873 2551 926 2601 172
953 2533 987 2603 Α,
1012 2535 1049 2591 ³6

275 2608 360 2667 Beli.
382 2630 389 2666 ι
405 2609 453 2681 τὴν
466 2608 550 2688 ὁρμὴν
566 2610 613 2671 καί
625 2609 673 2681 τὴν
687 2615 797 2683 πτῆσιν·
810 2615 907 2673 άτοπον
920 2616 971 2697 γάρ
984 2641 1050 2697 τρυ-

276 2699 359 2775 ρερῶς
382 2697 496 2776 βαδίζειν
515 2697 562 2766 τάς
578 2702 614 2767 είς
627 2700 741 2778 πολεμον
763 2703 969 2781 ίσκευασμίνας.
986 2704 1049 2766 'Ai-

273 2787 335 2852 λως.
353 2787 449 2853 Καλῶς
462 2791 515 2847 τῶν
528 2788 690 2867 βουλομένων
704 2789 792 2847 λαθεῖν
801 2789 835 2849 τά
846 2790 908 2871 ἴχνη
924 2816 1048 2874 περιστε-

275 2880 331 2952 ραῖς
353 2871 472 2933 εἴκασεν·
489 2877 575 2956 α’ρανῆ
596 2874 648 2957 γάρ
663 2878 747 2935 αύτῶν
764 2877 797 2936 τά
810 2878 888 2958 ἴχνη,
910 2882 946 2949 ὡς
969 2878 1049 2961 Ἀρι·

274 2962 439 3036 στοτέλης.
454 2962 493 3024 Ἦ
511 2965 557 3024 καὶ
572 2960 614 3024 διά
627 2963 657 3023 τδ
679 2966 807 3045 καθαρόν·
822 2966 839 3039 ί,
853 2968 896 3027 διά
918 2969 948 3029 τὸ
965 2969 1045 3050 ταχύ.

272 3047 379 3108 Eadem
391 3051 456 3112 cod.
472 3051 505 3112 L.
515 3072 547 3131 p.
561 3053 629 3125 278,
641 3054 677 3121 34
691 3053 806 3114 Baetim.
821 3076 829 3112 ε
844 3058 930 3137 θρανῆ
940 3057 1049 3138 γδρτων

271 3142 430 3216 περιστερῶν
442 3139 475 3197 τά
489 3138 569 3218 ἴχνη,
584 3143 620 3207 ὡς
633 3141 679 3201 καί
689 3140 1006 3225 Ἀριστοτίληςλὲγει.

586 3289 620 3347 τίη
644 3281 731 3359 (Ἶρι).

310 3415 406 3479 Schoi.
417 3417 488 3479 Ven.
503 3418 572 3478 ltad
587 3420 622 3479 ll.
637 3424 667 3491 ζ,
680 3424 736 3487 ι3ίς
753 3416 848 3481 ι’θίνθ·
859 3413 921 3482 «ies
934 3425 1046 3509 Ιλαύιιῳ

270 3505 399 3582 Κρονίδης
409 3503 611 3583 ρρίναςίξίλετσ
618 3505 683 3573 Ζεύς
693 3550 701 3577 ,
713 3529 742 3586 p.
756 3511 822 3582 187,
837 3511 868 3583 B,
881 3512 919 3587 39
936 3513 1043 3572 lteri:

836 508 1081 573 Anlslnrltlls
1103 512 1351 576 FRAGMENTA.

1122 646 1281 727 Πορφυρίω.
1296 646 1348 709 Διὰ
1367 647 1393 706 τί
1409 650 1425 708 ό
1438 649 1487 726 μίν
1498 652 1616 721 Γλαῦκος
1629 655 1754 736 προήχθη
1772 662 1808 727 είς
1823 666 1896 742 ptio-

1119 733 1208 810 τιμίαν
1227 739 1274 795 τοῦ
1288 736 1430 797 ἀλλάσσειν
1442 735 1477 797 τὰ
1490 736 1560 798 ύπλα
1573 748 1663 821 χρυσᾶ
1677 742 1741 803 ὄντα
1757 748 1824 826 πρὸς
1837 756 1894 811 Ate

1119 820 1206 897 μήδη,
1220 822 1274 881 ὁδί
1284 823 1393 895 ποιητὴς
1405 828 1515 908 ἐπιτιμᾷ
1535 831 1571 894 ὡς
1588 829 1618 886 ού
1633 830 1702 905 δίον,
1719 834 1776 892 οὐδ’
1788 837 1812 894 εί
1827 839 1894 918 ρίλος

1119 908 1169 984 εἴη,
1178 905 1313 991 προίεσθαι
1325 911 1442 980 πλείονος
1448 911 1590 986 άξιον;.....
1598 914 1633 978 ‘0
1646 921 1759 992 ποιητὴς
1769 922 1810 996 δι’,
1820 926 1893 1004 ρησὶν

1122 1000 1426 1081 ’λριστοτίλης,οι’νχ
1435 999 1476 1060 ὅτι
1487 1001 1521 1061 τά
1532 1003 1652 1073 πλείονος
1664 1006 1727 1075 άξια
1739 1009 1805 1069 ὄντα
1817 1016 1893 1093 προή-

1119 1110 1186 1146 κατο
1208 1089 1331 1169 ἴπιτιμᾷ,
1354 1090 1413 1147 dil·
1436 1089 1477 1148 ότι
1500 1093 1526 1150 ίν
1553 1092 1661 1174 πολίμῳ
1689 1096 1736 1155 καὶ
1758 1098 1892 1178 χρώμενος

1116 1171 1235 1252 προίετο·
1247 1176 1319 1234 οὐδὲν
1333 1175 1384 1257 γάρ
1396 1177 1572 1260 ἀλλοιότερον,
1583 1180 1673 1261 ὥσπερ
1688 1183 1721 1243 ἂν
1735 1188 1760 1244 εί
1774 1188 1890 1250 άπίότλε

1114 1263 1149 1323 τά
1158 1265 1237 1327 ὅπλα.
1252 1265 1384 1348 Ἐπιτιμᾳ
1397 1259 1441 1328 σ’ύν
1451 1268 1492 1329 ὅτι
1505 1270 1615 1351 κρείττω
1625 1273 1731 1354 προίετο
1742 1277 1792 1335 otiu
1806 1281 1843 1347 είς
1854 1304 1890 1338 τι·

1114 1350 1167 1428 μὴν
1182 1351 1242 1413 ἀλλ’
1256 1355 1292 1424 τίς
1305 1359 1414 1434 χρῆσιν·
1430 1359 1571 1436 ἀναγκαῖον
1585 1359 1612 1419 δί
1625 1366 1703 1420 τοῦτο
1718 1364 1838 1437 δηλῶσαι
1853 1369 1887 1425 εί·

1113 1439 1195 1499 πάντα
1210 1439 1257 1514 τὴν
1268 1440 1353 1511 άξίαν.
1363 1444 1424 1504 Pro
1437 1446 1679 1523 είπόντσ,είπόντος
1691 1448 1744 1531 (sc
1758 1450 1889 1535 Ὁμήρου)

1114 1532 1191 1606 conj.
1206 1531 1350 1594 Kammer.
1362 1534 1382 1592 l.
1391 1535 1416 1603 J.
1428 1555 1459 1614 p.
1476 1537 1526 1606 ti.

1416 1660 1461 1734 ἰο
1485 1674 1573 1756 (1⁸0).

1151 1810 1246 1869 Schoi
1260 1811 1329 1872 Ven.
1345 1815 1368 1872 B
1385 1814 1421 1873 ad
1441 1815 1525 1878 iliad.
1546 1842 1585 1900 n⁸
1600 1821 1650 1895 93,
1666 1841 1694 1898 p.
1711 1831 1783 1896 noi,
1800 1825 1834 1897 B,
1852 1828 1885 1884 33

1111 1897 1209 1956 Beli:
1226 1899 1384 1981 Πορρυρίοο.
1394 1901 1448 1963 Διὰ
1456 1903 1482 1963 τί
1488 1906 1703 1983 προκαλουμένου
1711 1906 1844 1991 Ἕκτορος
1852 1917 1886 1980 εἰς

1110 1986 1274 2066 μονομαχίαν
1286 1992 1310 2048 σί
1324 1989 1372 2067 μίν
1387 1990 1464 2051 άλλοι
1476 1991 1576 2073 άριστοι
1590 1996 1708 2058 αἴδεσθεν
1722 1998 1771 2073 μίν
1787 2002 1883 2072 ἀνήνα-

1109 2077 1178 2144 σθαι,
1189 2075 1277 2134 δεῖσαν
1287 2076 1311 2134 δ’
1319 2078 1471 2159 ὑποδέχθαι,
1481 2080 1614 2149 Μενίλαος
1624 2082 1652 2142 ii
1662 2089 1767 2163 πρῶτος
1779 2089 1883 2149 ιἰνίστα-

1107 2183 1151 2217 ται
1165 2161 1211 2219 καί
1234 2163 1404 2243 μεμψάμενος
1428 2165 1487 2234 τοὺς
1501 2168 1595 2236 άλλους
1609 2171 1773 2234 κατεθύσατο
1789 2176 1879 2256 τεύχεα

1107 2248 1192 2326 καλά,
1209 2249 1340 2330 μάχεσθαι
1353 2254 1577 2333 προθυμούμενος·
1591 2258 1633 2316 ότε
1647 2260 1674 2318 δὲ
1688 2264 1880 2341 προτραπέντες

1106 2336 1376 2413 circumivimus,
1390 2344 1505 2421 οὐδαμοῦ
1520 2344 1598 2411 αὐτὸς
1612 2346 1639 2403 ίν
1656 2348 1757 2416 τούτοις
1767 2351 1880 2429 cipiunt·

1105 2447 1168 2499 ται,
1188 2426 1245 2485 ἀλλ’
1262 2425 1432 2508 Ἀγαμέμνων
1455 2432 1501 2492 καὶ
1521 2432 1655 2510 Διομήδης
1666 2434 1713 2495 καλ
1730 2440 1757 2498 σί
1772 2438 1880 2508 Αἴαντες

1105 2511 1149 2569 καὶ
1160 2510 1305 2589 Ἰδομενεύς
1317 2514 1363 2575 καί
1380 2518 1515 2596 Μηριόνης
1528 2519 1573 2578 καλ
1586 2521 1739 2603 Εὐρύπυλος
1753 2524 1799 2584 καὶ
1810 2527 1877 2594 Θόας

1105 2598 1150 2657 καί
1164 2600 1323 2682 Ὀδυσρρύςς
1337 2605 1413 2677 Φησὶ
1427 2605 1454 2665 δὲ
1468 2606 1730 2688 θἈριστοτίλης
1752 2613 1793 2672 ότι
1810 2614 1875 2681 ἅπαξ

1105 2710 1232 2757 mucor·

1165 2818 1221 2878 μηδ’
1233 2820 1291 2871 ίθελ’
1302 2823 1326 2878 tt
1336 2823 1409 2886 ἴριδος
1419 2829 1462 2874 σεῦ
1474 2824 1578 2886 άμείνονι
1594 2827 1652 2888 φωτὶ
1666 2828 1785 2891 μάχεσθαι

1164 2888 1260 2953 Ἕκτορι
1271 2891 1310 2953 (ΙΙ.
1321 2909 1346 2954 η,
1363 2897 1401 2942 ΙΙΙ
1417 2893 1459 2953 s),

1103 2998 1150 3056 υύει
1166 2997 1274 3072 ἔμελλεν
1301 2992 1373 3068 α’ύθις
1386 3002 1557 3063 ἀνίστασθαι·
1580 3007 1628 3065 καί
1644 3007 1686 3067 ότι
1700 3008 1730 3067 τό
1752 3010 1873 3092 πρότιμον

1104 3085 1134 3142 itt
1143 3087 1300 3165 ριλονευιίας
1314 3094 1330 3159 ἡ
1343 3090 1499 3158 ἀνάστασις·
1510 3091 1556 3152 καλ
1569 3094 1609 3154 δτι
1623 3095 1674 3167 ἤδη
1687 3099 1873 3179 μονομαχήσας

1102 3170 1243 3251 ἐτύγχανεν
1255 3174 1414 3258 Ἀλεξάνδρῳ
1431 3179 1476 3237 καί
1490 3182 1520 3238 ού
1543 3183 1630 3249 καλῶς
1649 3184 1804 3253 ἀπαλλάξας
1809 3232 1819 3260 ,
1829 3189 1873 3245 καὶ

1101 3260 1195 3319 νεωστί
1211 3261 1337 3343 ίτάτρυετο
1357 3267 1409 3326 irre
1428 3267 1584 3346 Πανδάρου·
1606 3270 1652 3327 καὶ
1672 3269 1713 3330 ὅτι
1735 3274 1872 3332 ἀποκινδυ-

1102 3348 1185 3407 νεύειν
1198 3355 1289 3410 τοῦτον
1303 3354 1351 3411 oria
1371 3357 1467 3434 ἐχρῆν,
1489 3358 1516 3414 ir
1537 3348 1559 3437 ᾧ
1581 3357 1697 3426 τὸτέλος
1711 3359 1810 3442 ἤρτητο
1829 3369 1872 3421 τού

1100 3434 1230 3513 πολέμου·
1253 3440 1297 3498 ἐπὶ
1318 3438 1369 3520 γάρ
1384 3440 1549 3522 Ἀλεξάνδρου
1570 3443 1626 3504 ἴσον
1640 3435 1673 3516 ἦν
1692 3449 1725 3505 τὸ
1744 3453 1791 3505 τοῦ
1812 3473 1871 3505 κιν-

1102 3522 1184 3585 δύνου.

271 3638 1869 3681 Μ

264 3694 401 3757 Gorgonis,
424 3697 507 3758 utpote
527 3707 605 3758 neque
626 3697 822 3759 cmtentlomm.
834 3714 913 3764 neque
936 3708 1042 3757 atrocem

268 3782 466 3842 insectationem,
487 3782 530 3833 ced
553 3781 620 3834 illum
642 3797 739 3844 sensum
761 3788 856 3849 pavoris
875 3790 916 3851 qui
940 3792 1043 3854 gignitur

267 3867 452 3931 adspicientibus
463 3870 580 3934 Gorgonis
590 3874 669 3935 capuit.

634 4002 671 4048 13.

297 4105 468 4156 Columbinum
481 4108 579 4171 uestigia
589 4122 638 4159 non
649 4123 764 4174 apparere
775 4111 832 4163 dicit
843 4114 992 4165 Aristoteles.

633 4245 669 4291 li.

294 4344 343 4392 cnr
352 4344 457 4395 Glaucus
467 4345 593 4396 adducitur
610 4349 634 4398 in
648 4349 801 4411 cupiditatem
813 4353 962 4414 permutandi
971 4367 1038 4404 anna

260 4442 334 4479 altrea
351 4444 407 4493 qum
428 4433 488 4494 gerit
508 4447 563 4483 eum
589 4434 718 4495 Diomede,
742 4439 814 4499 poeta
837 4452 894 4489 uero
914 4446 1039 4492 succenset

260 4515 326 4578 quod
344 4531 391 4567 non
405 4522 522 4582 oporteat,
535 4520 628 4569 etiamsi
644 4522 736 4570 amicus
749 4524 780 4572 sit
798 4525 830 4573 ita
849 4528 963 4589 projicere
981 4517 1039 4591 queo

262 4603 360 4664 majoris
375 4605 443 4668 pretii
459 4609 549 4656 sonti..
563 4609 636 4657 Poeta
652 4620 719 4668 reru,
734 4610 811 4674 inquit
820 4614 973 4686 Aristoteles,
988 4629 1037 4667 non

260 4695 387 4742 succenset
406 4679 469 4756 cuod
490 4694 688 4758 projeceritque
706 4697 802 4758 maioris
820 4704 876 4749 tunt
890 4703 973 4764 pretii,
995 4703 1036 4753 sed

259 4777 324 4841 quod
338 4778 362 4829 io
377 4778 439 4830 itelio
451 4784 475 4832 et
485 4796 560 4846 quum
575 4782 688 4833 utendum
705 4784 735 4833 iit
746 4787 797 4835 erat
808 4786 941 4848 projecerit
954 4793 1037 4853 timue

257 4863 322 4912 enim
337 4863 416 4914 dillert
429 4879 459 4915 nc
472 4866 492 4916 si
509 4867 634 4928 objecisset
650 4883 735 4921 arma:
752 4875 876 4925 suscenset
891 4874 962 4937 igitur
973 4878 1037 4938 qued

261 4952 359 5015 proiecit
371 4953 470 5004 meliora
483 4968 532 5005 non
551 4956 626 5019 prelio
637 4958 678 5008 sed
694 4974 739 5010 usu
758 4979 764 5008 :
781 4961 917 5010 iterantem
933 4961 1037 5016 indicare

260 5039 384 5104 oportebat
392 5040 422 5093 de
436 5042 511 5106 pretio
527 5042 653 5095 dicentem.

628 5179 664 5225 io.

285 5303 339 5352 cur
354 5302 622 5366 pmvoutiabllectore
632 5309 661 5359 cd
672 5307 790 5371 singulare
806 5313 943 5374 certamen,
960 5311 1036 5363 ceteri

1095 3724 1180 3762 omnes
1193 3713 1316 3766 tortissimi
1333 3716 1378 3766 viri
1399 3717 1470 3768 veriti
1481 3722 1538 3770 sunt
1548 3723 1668 3770 certamen
1683 3734 1809 3784 recumre,
1821 3735 1870 3771 me·

1094 3801 1191 3850 luerunt
1211 3815 1269 3853 uero
1289 3803 1418 3869 suscipere.
1438 3807 1557 3857 illenelaus
1575 3810 1654 3858 cirtem
1678 3809 1770 3872 primus
1789 3822 1866 3859 essor-

1092 3888 1154 3938 rerit
1164 3892 1189 3940 et
1203 3890 1341 3954 vituperans
1352 3896 1445 3944 eeteros
1457 3893 1554 3957 pultine
1563 3907 1629 3944 arma
1644 3894 1734 3959 induit,
1750 3895 1866 3960 pugnandi

1092 3975 1198 4028 ενθίιιει
1217 3992 1291 4043 quum
1314 3994 1371 4030 vero
1388 3981 1484 4046 impulsi
1499 3995 1587 4033 norem
1601 3989 1801 4046 assurrexerunt,
1819 3983 1868 4048 ipse

1091 4078 1240 4131 nequaquam
1254 4071 1381 4121 interillos
1396 4073 1523 4135 reperitur,
1540 4075 1581 4124 sed
1595 4077 1756 4138 Agamemnon
1769 4079 1793 4126 ct
1809 4076 1866 4125 ttio-

1092 4153 1174 4203 ruedes
1189 4158 1214 4205 ct
1233 4158 1318 4219 Aiaces
1334 4163 1358 4209 et
1377 4158 1519 4211 idomeneus
1529 4163 1554 4211 et
1565 4163 1700 4225 Eurypylus
1713 4166 1738 4213 et
1751 4162 1829 4214 Thon
1843 4166 1866 4212 cl

1094 4240 1199 4304 Ulysses.
1213 4244 1276 4294 Dicit
1287 4250 1368 4296 autem
1388 4248 1527 4298 Aristoteles
1544 4248 1627 4310 illum,
1641 4262 1717 4313 quum
1736 4252 1808 4300 cernel
1826 4264 1864 4297 au·

1090 4326 1161 4380 dierit
1170 4350 1177 4380 r

1141 4463 1222 4520 tienne
1239 4464 1302 4519 relic,
1322 4476 1369 4521 pra
1385 4466 1540 4513 contentionis
1560 4468 1651 4524 εΙυθΙο,
1671 4472 1693 4514 lc
1709 4469 1799 4517 rumori
1812 4480 1861 4515 caru

1698 4549 1749 4594 viro
1763 4559 1862 4605 nugam

1142 4652 1249 4707 Hectore,

1089 4730 1195 4780 noluisse
1222 4733 1309 4783 iterum
1329 4748 1454 4799 assurgere
1475 4754 1484 4787 .-
1505 4737 1570 4802 prius
1595 4740 1674 4789 autum
1702 4739 1859 4790 assurrexisse

1091 4816 1258 4881 aemulatorum
1276 4821 1326 4882 iam
1350 4836 1407 4873 vero
1430 4824 1497 4874 ilium
1519 4824 1630 4890 singulari
1656 4827 1859 4879 certamine‘cum

1090 4903 1223 4955 Alexandro
1234 4919 1390 4971 corrgresaum
1403 4910 1489 4974 tuisse,
1506 4925 1550 4962 nec
1567 4926 1618 4963 rem
1633 4912 1732 4965 teliciter
1744 4914 1858 4978 genium

1089 5007 1165 5057 nuper
1189 5008 1247 5044 vero
1267 5009 1282 5045 a
1303 4997 1410 5047 Pandaro
1427 4999 1578 5051 vulneratum
1605 5013 1672 5063 etsc;
1697 5013 1748 5051 nec
1763 5003 1857 5065 oportu-

1088 5081 1135 5131 isse
1148 5081 1248 5132 illumin
1265 5084 1369 5146 periculo
1384 5086 1474 5136 versari
1491 5100 1566 5151 πονο
1579 5088 1651 5138 ίοΙίιιο
1664 5088 1718 5138 beili
1731 5087 1787 5139 linis
1801 5101 1855 5152 pea-

1087 5168 1153 5219 deret
1165 5188 1171 5217 ι
1184 5182 1240 5219 uam
1253 5170 1317 5234 quod
1331 5171 1361 5220 ad
1376 5172 1537 5225 Alexandrum
1548 5174 1671 5246 attinebat,
1684 5188 1728 5238 par
1739 5176 1790 5225 erat
1801 5174 1857 5238 peri

1086 5265 1176 5314 cuturn.
