3959 5900
252 530 312 589 titt
796 515 1040 577 ARISTOTELIS
1062 514 1309 578 FRAGMENTA.

251 655 379 714 Gudian.
393 673 422 731 p.
438 672 503 727 109,
516 672 552 709 aa
570 672 576 707 :
592 647 771 728 Ἀριστοτελης
784 645 828 705 τὸν
842 646 897 725 βίον
911 644 1028 727 ὡρίσατο
1083 642 1854 723 mori,quinominapropriapercompendiascribere
1896 658 1900 665 '

253 742 344 807 οὕτως·
362 742 420 806 Βὶος
434 739 489 798 ἐστὶ
500 738 593 816 topini,
603 735 667 807 ζωή.
678 735 750 795 ltem
761 734 840 814 quod
852 736 888 794 de
897 735 1028 814 sapiente
1083 733 1225 805 solebant.
1258 734 1303 793 ct.
1329 732 1534 804 Montlaucon,
1557 734 1786 809 Palaeogmplaia
1814 756 1854 811 gr.

253 851 291 896 ex
304 832 424 908 antiquo
439 827 565 907 quodam
583 826 620 884 ad
639 825 806 884 Aristotelis
828 823 930 883 Ethica
950 843 1030 882 com·
1082 845 1114 902 p.
1131 824 1188 892 348
1204 835 1234 881 et
1253 822 1337 895 liant,
1351 822 1459 882 Comm.
1468 822 1672 897 paleeograplz.
1694 820 1734 878 ad
1754 822 1858 880 calcem

255 918 397 977 mentario
423 914 569 994 excerpsit
581 913 697 975 Suidas.
721 932 745 974 s.
769 932 800 972 v.
816 912 1027 990 Μιτριοταθεῑν,
1082 912 1220 991 Gregorii
1238 908 1385 971 Corinthii
1401 911 1447 971 ed.
1460 910 1584 969 Scheler
1595 930 1628 987 p.
1639 911 1708 986 798.
1720 909 1859 990 Exempla

255 1005 434 1086 Ἀριστοτέλης
447 1002 518 1081 λέγει
539 1001 582 1060 τὸν
602 999 681 1083 σορὸν
696 1004 858 1079 μετριοπαθῆ
873 999 921 1075 μὲν
942 989 1028 1070 εἶναι,
1088 1002 1159 1060 satis
1181 1001 1273 1059 multu
1297 998 1479 1060 confusionis
1499 998 1568 1057 inde
1594 1011 1666 1057 ortae
1690 999 1723 1057 in
1743 1012 1861 1078 pronun

254 1096 346 1164 ἀπαθῆ
362 1090 390 1151 δὲ
404 1090 442 1168 μὴ
458 1080 534 1149 εἶναι.
551 1089 655 1167 Neque
666 1089 758 1165 magis
772 1090 920 1147 affirmare
936 1089 1029 1146 aude·
1084 1103 1162 1151 sunt.
1177 1090 1222 1149 lta
1243 1090 1274 1148 in
1295 1086 1489 1147 deterioribus
1503 1086 1680 1165 quibusdam
1696 1086 1860 1165 Har-pom-

255 1193 454 1253 rem‚certum
466 1178 613 1257 quendam
627 1176 774 1254 Stagirites
785 1175 895 1235 librum
909 1175 1029 1254 respici,
1085 1178 1175 1236 tionis
1192 1191 1223 1236 et
1234 1176 1332 1234 Suida
1345 1173 1431 1233 libris
1451 1194 1477 1233 s.
1500 1193 1530 1235 r.
1552 1172 1655 1247 Ζτῦξις,
1679 1194 1735 1252 pro
1758 1173 1859 1252 ἕρνστις

254 1271 285 1330 in
300 1269 372 1327 locis
387 1268 484 1346 qualis
497 1280 541 1326 est
553 1267 617 1325 sive
626 1264 833 1336 Varronis,de
846 1264 887 1322 lie
900 1276 972 1325 rust.
987 1261 1029 1335 ll,
1085 1267 1227 1346 scriptum
1241 1261 1488 1343 οιτᾎριστοτίλης.
1503 1261 1778 1332 cremensem
1787 1267 1856 1323 lectt.
1965 1278 1966 1283 ’

255 1359 284 1430 5,
302 1360 339 1417 13
358 1360 449 1414 :Mas
464 1376 502 1411 nn
517 1353 637 1428 semina
656 1360 696 1409 sit
716 1364 866 1428 concepta,
886 1354 1032 1429 significas
1085 1376 1114 1434 p.
1127 1348 1465 1431 145.ltetn'Aptotmllmr
1475 1363 1506 1409 et
1517 1347 1706 1430 Ἂριστορᾶνης
1715 1369 1861 1408 nonnum-

254 1463 366 1521 murus,
378 1465 462 1521 quum
486 1450 550 1500 iniit
571 1463 582 1522 ³.
605 1443 762 1517 siqnidem,
788 1447 815 1496 n·
836 1459 898 1497 mor
921 1453 974 1507 est,
1001 1445 1032 1495 tn
1085 1463 1171 1522 quam
1182 1442 1259 1501 inter
1271 1460 1305 1499 se
1316 1443 1414 1499 locum
1427 1451 1588 1499 mutarunt.
1603 1436 1721 1496 laetum
1732 1437 1788 1497 hoc
1798 1457 1862 1496 esse

254 1539 441 1592 dexteriorem
455 1547 572 1610 partem
590 1533 651 1588 abit
663 1549 676 1589 .·
689 1536 714 1587 ri
724 1529 853 1602 foemina
875 1535 904 1585 in
923 1534 1034 1585 siniste·
1086 1531 1165 1611 apud
1187 1528 1364 1607 Hesychium
1384 1546 1409 1588 s.
1427 1547 1456 1586 v.
1471 1525 1574 1606 Γρίσων
1599 1526 1795 1585 demonstrari
1811 1546 1863 1584 ne·

256 1631 366 1682 riorem.
384 1623 508 1680 Cnrlroc
515 1624 590 1696 fiat,
610 1640 662 1676 vot
678 1621 817 1687 videritis,
837 1624 928 1693 inquit
943 1619 1027 1685 milii,
1086 1622 1161 1699 quit,
1178 1621 1286 1698 Aperte
1300 1637 1371 1677 vero
1385 1618 1418 1675 in
1430 1616 1510 1676 hunc
1523 1615 1644 1675 modum
1659 1627 1809 1695 peccantur
1820 1629 1864 1673 est

255 1719 303 1788 qui
329 1713 508 1769 Aristotelem
534 1712 643 1783 legitis,
658 1707 722 1766 sive
736 1706 908 1776 Censorini,
925 1704 961 1763 de
977 1704 1033 1762 Die
1086 1707 1164 1786 apud
1178 1706 1274 1765 schol.
1294 1704 1443 1784 Aristoph.
1462 1702 1583 1783 Vesper.
1606 1705 1674 1775 503,
1688 1701 1786 1760 Schol.
1805 1702 1862 1761 Lu·

257 1813 315 1860 nat.
330 1798 381 1873 lv,
395 1799 412 1856 3
425 1817 433 1856 ε
450 1800 610 1855 Aristoteles
621 1817 729 1873 quoque
743 1799 891 1872 Stagirites
902 1809 932 1851 et
946 1795 1034 1850 Theo·
1087 1796 1164 1854 ciani
1177 1794 1293 1854 Timon.
1304 1814 1330 1851 c.
1346 1794 1382 1850 30
1395 1813 1424 1872 p.
1438 1795 1473 1865 37
1485 1791 1627 1864 lacobitr,
1638 1805 1667 1849 et
1680 1790 1800 1868 quidem
1811 1790 1863 1848 dn·

253 1890 390 1964 plerastus
405 1890 537 1961 multique
544 1899 689 1961 proeterea
698 1906 757 1942 non
769 1887 903 1961 ignobiles
914 1887 1035 1958 Peripa·
1087 1883 1159 1962 plici
1174 1900 1292 1955 errore,
1308 1881 1407 1942 Scltol.
1426 1880 1450 1939 B
1467 1879 1501 1939 ll.
1520 1904 1551 1953 u,
1575 1880 1645 1951 252,
1669 1878 1802 1957 Elymol.
1824 1877 1863 1936 ll.

254 1978 431 2052 pettctttdem
453 1974 502 2053 (sc
525 1994 636 2050 semper
654 1974 808 2031 humanum
825 1991 914 2049 genus
926 1968 1033 2049 sitisse)
1087 1993 1118 2052 p.
1142 1969 1410 2047 110,50‚Suidam
1435 1988 1460 2032 s.
1476 1988 1507 2030 t.
1524 1966 1752 2045 Ἐμὸτὸλημένα,
1766 1967 1862 2028 Schol.

256 2072 433 2140 scripserunt.
450 2066 520 2136 Ejus
534 2067 626 2138 quoert‘
638 2066 768 2139 exemplo
779 2064 877 2119 dicunt
888 2063 963 2136 quod
980 2080 1034 2117 ne-
1087 2060 1237 2122 Tlteocrit.
1255 2058 1281 2132 l,
1300 2060 1367 2126 132,
1382 2056 1530 2118 Plutarch.
1540 2056 1606 2114 Non
1620 2054 1790 2134 possevin.
1808 2074 1863 2113 sec.

256 2165 328 2227 gant
343 2157 454 2208 omnino
473 2170 554 2227 porse
577 2157 703 2226 reperiri,
725 2171 824 2207 ooerne
841 2163 909 2206 onte
923 2170 963 2204 an
983 2170 1035 2206 ovo
1089 2149 1208 2227 Epicur.
1226 2170 1251 2207 c
1268 2150 1313 2206 13.
1326 2146 1528 2205 Incertiorres
1547 2158 1590 2204 est
1611 2149 1642 2203 in
1656 2144 1787 2221 Fnymol.
1803 2144 1866 2203 Gu-

258 2252 396 2315 generato
408 2244 475 2307 tint,
494 2259 577 2313 quum
589 2252 618 2294 et
630 2259 709 2296 oonm
723 2245 787 2296 sine
799 2258 850 2294 ave
862 2252 890 2294 et
904 2245 962 2294 avt's
975 2244 1036 2295 sine
1089 2237 1168 2296 dian.
1178 2256 1208 2315 p.
1220 2238 1270 2309 dn,
1285 2236 1334 2295 51.
1346 2235 1444 2304 Quum
1466 2238 1560 2305 enim,
1577 2236 1630 2311 qui
1653 2232 1755 2292 eadem
1783 2233 1866 2292 trabe

257 2346 307 2382 ovo
318 2331 401 2402 gigni
416 2344 472 2381 non
484 2331 573 2400 parsit
585 2345 596 2381 τ
608 2338 702 2401 itaque
722 2338 752 2382 et
768 2331 902 2393 omnium,
922 2345 988 2401 qnoe
1007 2332 1036 2381 in
1089 2324 1262 2383 Ammonius
1284 2345 1316 2402 p.
1334 2333 1371 2393 al,
1389 2344 1396 2379 ι
1412 2319 1560 2402 Ἄρρονστος
1580 2321 1627 2380 καὶ
1649 2322 1796 2403 ἀρρωστῦν
1812 2322 1866 2381 διο-

258 2420 428 2488 sempiterno
441 2420 493 2469 isto
505 2417 607 2469 mundo
619 2434 731 2489 semper
743 2412 864 2485 suerunt
877 2410 1037 2489 statutaque
1089 2409 1170 2491 ρι’ριι.
1182 2406 1330 2490 Ἀ’ρριοστος
1343 2409 1391 2484 μὲν
1405 2407 1458 2488 γὰρ
1468 2410 1483 2468 ὁ
1494 2410 1592 2467 νοσῶν·
1604 2410 1748 2488 ἀρρωστῶν
1759 2408 1789 2469 il
1799 2409 1865 2467 loru

258 2513 339 2569 sterit,
352 2507 435 2555 aiunt
444 2499 719 2575 principiumsnisse
733 2504 854 2568 nullum,
871 2504 923 2558 sed
941 2504 1036 2558 orbem
1089 2499 1251 2558 δᾶδυνατῶν
1271 2500 1398 2557 tandm
1412 2496 1446 2555 τὰ
1466 2494 1536 2555 κατὰ
1550 2495 1598 2565 τὰς
1620 2494 1731 2576 ὀρέξεις,
1751 2499 1789 2564 ὣς
1802 2495 1865 2577 Ἀρι·
1965 2520 1966 2545 ι

259 2607 320 2643 esse
331 2589 472 2662 quendam
482 2595 680 2660 generantium
692 2594 973 2663 nascentiumqne,in
983 2609 1037 2664 qno
1090 2586 1218 2669 οτοροίνης
1246 2585 1341 2669 φησίν,
1363 2584 1590 2665 Aristophanem
1619 2604 1675 2662 pro
1711 2584 1865 2642 Aristotele
1965 2626 1966 2635 ,

260 2681 471 2750 uniuscnjusque
494 2679 581 2750 geniti
603 2679 713 2730 mitium
737 2677 825 2731 simol
848 2687 876 2730 et
888 2677 960 2749 finis
979 2696 1037 2733 esse
1091 2676 1238 2751 nominat,
1257 2678 1294 2734 ab
1318 2687 1442 2752 utroque
1460 2674 1560 2733 differt
1584 2672 1753 2731 Herennius
1780 2671 1864 2730 Philo
1963 2662 1966 2725 l

259 2766 401 2832 videatur,
410 2763 516 2839 dequo
525 2762 593 2821 loco
602 2762 769 2822 acutissime
780 2775 813 2821 ut
822 2762 897 2821 solet
909 2760 1038 2840 disputat
1090 2784 1121 2841 p.
1142 2763 1197 2823 158
1209 2785 1217 2820 τ
1229 2759 1375 2845 ’λρρωοτος
1390 2764 1584 2842 ἀρρωστοῦντας
1595 2759 1729 2841 διαρίρτι·
1738 2759 1866 2840 ἄρρωστος

260 2850 745 2928 Bernays,Theophrastos’dclirist
755 2852 1036 2929 iiberFltlntmiglreit,
1092 2848 1203 2932 μλνγάρ
1216 2853 1311 2911 ἐστινὸ
1325 2852 1460 2909 ἀδυνατῶν
1475 2849 1602 2908 interluit
1616 2872 1643 2909 τι
1662 2846 1734 2906 κατὰ
1750 2846 1796 2913 τὰς
1812 2844 1866 2926 ὅρι’·
1965 2846 1966 2909 ἦ

260 2940 371 3011 Berlin,
389 2940 478 3014 1866,
493 2960 523 3019 p.
540 2946 590 3015 49.
604 2958 651 3020 sq.
1091 2937 1156 3008 ξιις·
1172 2942 1302 3020 ἂρροιστεί
1322 2937 1350 3000 di
1370 2942 1385 2999 lt
1405 2940 1503 2999 νοσῶν·
1518 2935 1600 3005 οὕτως
1613 2935 1762 3017 Ἀριστοριί
1782 2936 1865 3010 δοκεῖ,

301 3026 417 3085 Factum
439 3040 483 3086 est
505 3025 629 3102 deinde,
644 3042 676 3088 ut
698 3029 804 3108 sepius
829 3031 901 3089 satis
923 3031 1039 3089 incaute
1092 3027 1131 3088 cl.
1160 3027 1269 3088 Nauck.
1292 3028 1437 3104 Aristoplr.
1462 3031 1584 3101 Byzant.
1605 3025 1720 3103 fragm.
1745 3045 1775 3104 p.
1799 3025 1865 3083 eda.
1965 3079 1966 3096 ,

261 3115 428 3173 Aristotelis
452 3133 559 3174 nonten
583 3130 753 3193 poneretur,
775 3137 867 3194 quum
892 3118 956 3196 ejus
972 3138 1038 3178 sec·
1094 3116 1274 3196 ’λριστοττλης
1288 3137 1343 3196 pro
1357 3115 1542 3198 Ἀριστοφάνης
1555 3115 1664 3192 legitur
1677 3113 1777 3175 Sclrol·
1792 3112 1826 3172 ll.
1838 3117 1865 3192 p,

262 3213 368 3265 tutores
397 3203 497 3279 potius
528 3203 699 3261 nominandi
736 3217 832 3263 erant.
862 3204 921 3273 Qui
954 3224 1039 3263 error
1094 3213 1162 3279 liliis
1176 3207 1201 3280 δ,
1220 3207 1273 3279 ¹³7
1297 3206 1329 3265 in
1349 3204 1481 3264 Crameri
1509 3207 1619 3263 Anecd.
1641 3206 1746 3271 Paris„
1769 3200 1865 3273 enit,

262 3283 427 3345 communis
445 3300 486 3344 est
510 3286 667 3351 Plutarcho
694 3300 724 3346 et
749 3288 892 3356 Clementi
916 3291 1038 3350 Alexan·
1093 3313 1124 3373 p.
1141 3295 1213 3369 282,
1231 3284 1359 3371 Etpmol.
1382 3293 1421 3354 tt.
1435 3314 1464 3371 p.
1488 3301 1556 3367 τηρ,
1571 3289 1712 3369 la,apud
1737 3289 1865 3348 Gramm.

261 3370 365 3447 drino,
394 3392 522 3451 quornm
558 3372 630 3431 alter
661 3372 698 3432 de
731 3373 809 3434 Iside
841 3389 869 3435 et
901 3377 979 3436 Osir.
1015 3400 1040 3438 c.
1094 3380 1252 3440 Hermanni
1265 3402 1296 3461 p.
1312 3383 1379 3439 362.
1396 3379 1528 3441 Eundem
1546 3399 1615 3438 vero
1635 3398 1769 3438 errorem
1790 3379 1866 3458 apud

264 3480 302 3536 77
328 3480 336 3522 ι
360 3460 408 3522 Διὸ
430 3461 476 3520 καὶ
498 3459 614 3521 Πλάτων
636 3460 682 3520 καλ
699 3460 878 3543 Ἀριστοτέλης
899 3463 1039 3525 leoninis
1094 3468 1274 3527 Demetrium
1290 3469 1326 3528 de
1340 3468 1456 3530 Elocut.
1473 3470 1490 3545 §
1508 3469 1564 3526 128
1578 3467 1770 3528 commissum
1787 3485 1865 3539 erse,

264 3556 341 3611 τοῦτο
354 3551 384 3610 τὸ
398 3548 476 3631 μέρος
489 3553 536 3621 τῆς
549 3550 702 3632 ριλοσορίας
715 3551 850 3629 καλοῦσιν,
863 3554 901 3614 ol.
912 3556 947 3615 V.
958 3555 1041 3615 Alex.
1095 3577 1154 3616 non
1169 3571 1232 3616 erat
1245 3579 1298 3617 cur
1312 3555 1491 3634 conjicerent
1504 3555 1640 3615 editores.
1655 3554 1704 3615 Cl.
1717 3548 1868 3626 Blass,die

264 3661 290 3703 c.
316 3661 343 3712 7,
364 3640 438 3697 alter
460 3657 532 3697 vero
556 3637 683 3696 Stromnt
710 3639 736 3711 l,
763 3642 801 3699 as
825 3662 854 3721 p.
883 3644 935 3702 153
955 3643 1038 3721 Sylb.
1092 3648 1198 3720 grieeli.
1220 3648 1439 3703 Beredtsomleit
1472 3652 1501 3700 in
1540 3647 1604 3701 dem
1619 3647 1783 3705 ,Zeitraum
1814 3664 1868 3701 ιιοιτ

266 3725 448 3807 Ἀριστοττλης
463 3723 490 3782 dl
502 3715 568 3790 εἶδος
581 3729 657 3784 τοῦτο
670 3724 738 3804 μετὰ
751 3727 785 3787 τὰ
800 3727 899 3809 ρυσοιὲ
913 3732 997 3792 καλιῑ.
1097 3736 1263 3791 Alexander
1274 3736 1315 3790 bis
1329 3731 1388 3805 auf
1398 3738 1547 3809 Anguem.
1564 3731 1643 3793 Berl.
1668 3730 1755 3804 1865,
1769 3752 1799 3811 p.
1820 3731 1867 3789 δι.
1965 3803 1966 3810 ρ

305 3813 393 3872 Aliud
417 3825 461 3871 est
484 3830 575 3888 genus
595 3833 726 3872 errorum
747 3834 765 3873 a
785 3818 932 3876 memoriae
955 3819 1040 3897 lapsa
1096 3818 1156 3879 Pro
1191 3819 1360 3900 Ἀρίσταρχος
1389 3820 1464 3879 male
1489 3818 1599 3895 legitur
1630 3818 1812 3900 ’λριστοτίλτς
1837 3820 1868 3877 in

266 3913 410 3960 ortorum.
424 3899 485 3958 lloc
500 3919 531 3958 se
547 3900 643 3979 decipi
659 3920 761 3977 passus
774 3916 817 3962 est
833 3903 955 3980 Seneca,
971 3907 1040 3984 qui,
1097 3906 1196 3968 Schol.
1207 3909 1245 3969 Il.
1260 3911 1292 3989 ‘l’
1307 3928 1374 3980 raa,
1385 3907 1454 3967 item
1467 3906 1498 3965 in
1511 3905 1609 3968 Schol.
1621 3906 1774 3967 Theocriti
1785 3905 1810 3977 l,
1822 3905 1868 3976 34.

266 4008 356 4067 quum
373 3989 425 4059 itu,
436 3986 472 4046 de
490 3987 562 4046 Vitae
583 3987 722 4071 brevitate
736 4012 763 4050 c.
789 3993 943 4065 1,locutus
966 4007 1010 4054 est
1033 4017 1039 4052 :
1095 3994 1205 4055 Contra
1226 4016 1280 4056 suo
1303 3995 1372 4074 jure
1385 3994 1557 4075 Ἀρίσταρχον
1572 4008 1602 4056 et
1615 3995 1776 4073 Θεόπομπον
1793 4014 1867 4054 exu-

267 4081 341 4134 Inde
351 4079 494 4133 Aristoteli
505 4096 568 4133 cum
579 4097 670 4133 rernm
682 4092 785 4136 natura
797 4087 920 4157 erigenti
929 4089 1043 4142 minime
1096 4083 1157 4143 lare
1194 4083 1285 4162 jussit
1322 4085 1469 4144 Prellerus
1506 4083 1542 4142 ad
1576 4088 1734 4144 Polemonis
1756 4087 1867 4158 Perieg.

267 4169 430 4220 conveniens
442 4169 566 4239 sapienti
579 4170 644 4220 viro
657 4167 691 4219 lis
703 4179 766 4224 est:
781 4169 860 4224 illam
873 4173 1044 4228 animalibus
1096 4170 1200 4249 fragm.
1211 4172 1292 4252 Lips.
1303 4173 1390 4245 1838,
1402 4193 1430 4251 p.
1445 4173 1493 4249 59,
1503 4173 1582 4250 apud
1592 4172 1769 4232 Clementem
1783 4172 1867 4229 Alex.

268 4265 376 4307 tantum
391 4253 550 4320 indulsisse,
569 4264 599 4307 ut
612 4258 700 4327 quina
718 4256 852 4311 autdena
866 4260 1042 4314 seculaerlu·
1095 4258 1232 4321 Stromat.
1260 4260 1289 4338 l,
1314 4281 1346 4340 p.
1373 4281 1438 4338 129,
1464 4262 1497 4319 in
1526 4281 1628 4320 eorum
1657 4262 1724 4320 loco
1749 4260 1869 4340 Ἀριστο-

267 4353 374 4408 cerent,
402 4340 511 4396 nomini
536 4335 566 4394 'in
580 4352 638 4394 tom
661 4341 798 4397 multone
812 4362 917 4421 magna
928 4354 1040 4420 genito,
1095 4347 1173 4422 τέλης
1190 4363 1219 4408 et
1238 4348 1406 4429 Θεόφραστος
1427 4350 1548 4429 positis,
1570 4349 1607 4408 cl.
1629 4368 1719 4429 supra
1738 4348 1773 4408 fr.
1802 4349 1868 4405 106.

269 4443 347 4486 tanto
367 4434 522 4485 citeriorem
544 4435 692 4485 terminum
715 4441 806 4501 stare,
821 4444 920 4509 aperte
940 4431 1042 4491 Theo·
1096 4436 1193 4498 Aliana
1217 4437 1311 4518 probo
1334 4437 1414 4515 quod
1444 4438 1522 4498 idem
1547 4437 1595 4496 vir
1620 4437 1720 4496 doctus
1740 4435 1761 4494 l.
1781 4435 1804 4495 l.
1820 4454 1870 4494 au·

270 4517 419 4595 phrastum
434 4516 589 4574 nominare
607 4514 747 4590 debebat,
762 4516 799 4576 de
817 4538 877 4596 quo
892 4520 1044 4582 notissima
1096 4525 1224 4603 spicatns
1248 4538 1307 4598 est,
1334 4524 1513 4604 Ἀριστοτέλης
1538 4545 1594 4603 pro
1618 4522 1792 4603 Ἀριστιίδης,
1818 4542 1869 4582 an·

270 4618 338 4664 sunt
351 4604 442 4664 verba
454 4604 485 4664 in
497 4604 649 4663 Ciceronis
662 4604 777 4684 Dispnt.
792 4604 911 4670 Tuscnl.
924 4608 980 4681 ΙΙΙ,
994 4611 1042 4671 28.
1096 4615 1177 4690 tiqno
1192 4615 1254 4691 jam
1276 4633 1391 4682 errore,
1408 4614 1549 4691 scriptum
1569 4613 1658 4671 luisse
1674 4613 1707 4671 in
1721 4611 1869 4671 Pausania

270 4692 365 4751 Simili
380 4693 467 4771 plene
481 4713 568 4753 causa
590 4693 695 4752 sactum
710 4706 767 4769 est,
784 4708 816 4754 ut
836 4697 913 4775 apud
931 4696 1043 4774 Grego·
1097 4700 1206 4771 lexico,
1217 4700 1295 4760 unde
1305 4701 1366 4759 haec
1378 4701 1545 4778 corruptela
1557 4713 1718 4780 propagata
1734 4700 1773 4758 sit
1792 4700 1869 4779 apud

272 4783 348 4841 rium
369 4780 554 4842 Corinthium
575 4782 607 4841 in
627 4781 744 4843 Praeiat.
766 4783 802 4844 de
822 4785 961 4846 Dialectis
980 4808 1009 4865 p.
1026 4787 1042 4844 5
1097 4787 1216 4848 Suidam
1235 4809 1260 4848 s.
1275 4808 1306 4846 v.
1319 4788 1474 4848 Δωδωναῖον
1485 4790 1610 4868 χαλκεῖον
1625 4788 1759 4866 aliosque
1773 4807 1869 4865 gram·

273 4870 410 4941 Schaeler,
439 4870 522 4929 Pluto
547 4891 602 4951 pro
629 4872 785 4932 Aristotele
815 4872 994 4947 laudaretur,
1016 4888 1045 4934 et
1097 4875 1232 4948 maticos,
1253 4875 1308 4934 etsi
1338 4875 1460 4935 eandem
1485 4879 1638 4936 nominum
1667 4876 1869 4936 confusionem

273 4978 375 5017 rursus
386 4956 462 5037 apud
472 4958 596 5017 eundern
607 4959 639 5032 in
651 4959 811 5019 Comment.
821 4960 853 5018 in
868 4961 1041 5038 Hermogen.
1096 4962 1239 5023 Proverb.
1256 4963 1319 5021 cod.
1335 4963 1476 5024 Coislian.
1491 4969 1546 5024 116
1563 4965 1709 5024 exhibeat.
1725 4965 1785 5024 Pro
1800 4963 1869 5044 Ἀρι-

274 5046 357 5107 nter.
370 5066 414 5122 gr.
424 5059 444 5105 t.
453 5044 519 5118 vu,
532 5066 563 5124 p.
575 5047 649 5114 1151.
661 5047 753 5121 Walr,
762 5047 788 5106 'l'
789 5048 981 5127 {teophrastus
987 5070 1043 5129 pro
1097 5049 1239 5129 στομὲνης,
1255 5070 1340 5129 quem
1356 5052 1453 5110 laudat
1464 5052 1562 5111 Schol.
1574 5053 1672 5132 Apoll.
1687 5052 1744 5116 tth.
1758 5053 1785 5125 l,
1802 5056 1866 5126 164,

274 5136 439 5196 Aristotele.
461 5134 504 5193 Cl.
525 5133 648 5212 Spengel
670 5137 703 5195 in
717 5135 838 5197 Aristot.
853 5135 948 5211 Rhet,
958 5139 1040 5218 Lips.
1097 5138 1297 5218 reponendum
1310 5158 1373 5198 esse
1388 5136 1585 5217 Ἀριστοτέλης,
1599 5161 1659 5200 non
1670 5139 1784 5220 ubsque
1801 5163 1869 5221 pro-

277 5223 485 5303 rst7‚t11,p.
499 5223 565 5297 276.
1096 5226 1257 5287 habilitatis
1288 5228 1385 5304 specie
1409 5226 1551 5304 quadam,
1579 5232 1747 5308 suspicatus
1769 5244 1816 5291 eat
1834 5229 1869 5293 C.

312 5311 377 5369 Alio
391 5311 496 5371 deinde
509 5310 618 5371 erroris
627 5330 713 5371 censa
723 5311 1039 5374 debeturlibrariorum
1097 5314 1234 5375 Miillerus
1255 5315 1285 5373 in
1303 5313 1412 5392 Fragm.
1425 5313 1492 5375 hist.
1510 5336 1553 5392 gr.
1568 5330 1588 5376 t.
1610 5316 1659 5390 tv,
1678 5339 1708 5398 p.
1729 5320 1799 5378 336.
1811 5324 1868 5377 Nec
1965 5337 1966 5376 ;
