<?xml version="1.0" encoding="UTF-8"?>
<!DOCTYPE html PUBLIC "-//W3C//DTD XHTML 1.0 Transitional//EN"
    "http://www.w3.org/TR/xhtml1/DTD/xhtml1-transitional.dtd">
<html xmlns="http://www.w3.org/1999/xhtml" xml:lang="en" lang="en">
 <head>
  <title>
</title>
<meta http-equiv="Content-Type" content="text/html;charset=utf-8" />
  <meta name='ocr-system' content='tesseract 3.04.00' />
  <meta name='ocr-capabilities' content='ocr_page ocr_carea ocr_par ocr_line ocrx_word'/>
</head>
<body>
  <div class='ocr_page' id='page_1' title='image "./fragmentaaristo00heitgoog/fragmentaaristo00heitgoog_0083.png"; bbox 0 0 3959 5900; ppageno 0'>
   <div class='ocr_carea' id='block_1_1' title="bbox 820 490 1707 558">
    <p class='ocr_par' dir='ltr' id='par_1_1' title="bbox 820 490 1707 558">
     <span class='ocr_line' id='line_1_1' title="bbox 820 490 1707 558; baseline 0.008 -8"><span class='ocrx_word' id='word_1_1' title='bbox 820 490 987 552; x_wconf 80' lang='lat' dir='ltr'><strong>DlALOGl.</strong></span> <span class='ocrx_word' id='word_1_2' title='bbox 1211 506 1212 509; x_wconf 75' lang='grc'>’</span> <span class='ocrx_word' id='word_1_3' title='bbox 1666 498 1707 558; x_wconf 78' lang='lat' dir='ltr'><strong>at</strong></span> 
     </span>
    </p>
   </div>
   <div class='ocr_carea' id='block_1_2' title="bbox 309 619 670 683">
    <p class='ocr_par' dir='ltr' id='par_1_2' title="bbox 309 619 670 683">
     <span class='ocr_line' id='line_1_2' title="bbox 309 619 670 683; baseline -0.011 -2"><span class='ocrx_word' id='word_1_4' title='bbox 309 622 391 683; x_wconf 86' lang='lat' dir='ltr'><strong>Xlll.</strong></span> <span class='ocrx_word' id='word_1_5' title='bbox 415 619 509 681; x_wconf 78' lang='grc' dir='ltr'><strong>ΠΕΡΙ</strong></span> <span class='ocrx_word' id='word_1_6' title='bbox 530 621 670 683; x_wconf 81' lang='grc' dir='ltr'><strong>ΕΥΧΗΣ.</strong></span> 
     </span>
    </p>
   </div>
   <div class='ocr_carea' id='block_1_3' title="bbox 92 786 877 955">
    <p class='ocr_par' dir='ltr' id='par_1_3' title="bbox 92 786 877 955">
     <span class='ocr_line' id='line_1_3' title="bbox 137 786 872 868; baseline 0.003 -23"><span class='ocrx_word' id='word_1_7' title='bbox 137 786 256 847; x_wconf 78' lang='lat' dir='ltr'><strong>&#39;l&#39;itulus</strong></span> <span class='ocrx_word' id='word_1_8' title='bbox 268 787 327 867; x_wconf 78' lang='grc' dir='ltr'>περὶ</span> <span class='ocrx_word' id='word_1_9' title='bbox 347 788 438 868; x_wconf 54' lang='lat' dir='ltr'><strong>Eitis</strong></span> <span class='ocrx_word' id='word_1_10' title='bbox 454 786 480 846; x_wconf 85' lang='grc' dir='ltr'><strong>α’</strong></span> <span class='ocrx_word' id='word_1_11' title='bbox 493 788 572 867; x_wconf 88' lang='lat' dir='ltr'><strong>apud</strong></span> <span class='ocrx_word' id='word_1_12' title='bbox 592 788 679 865; x_wconf 84' lang='lat' dir='ltr'><strong>Diog.</strong></span> <span class='ocrx_word' id='word_1_13' title='bbox 696 787 792 850; x_wconf 87' lang='lat' dir='ltr'><strong>Laert.</strong></span> <span class='ocrx_word' id='word_1_14' title='bbox 809 790 872 867; x_wconf 72' lang='lat' dir='ltr'><strong>(rt)</strong></span> 
     </span>
     <span class='ocr_line' id='line_1_4' title="bbox 92 875 877 955; baseline 0.004 -21"><span class='ocrx_word' id='word_1_15' title='bbox 92 889 126 934; x_wconf 88' lang='lat' dir='ltr'><strong>et</strong></span> <span class='ocrx_word' id='word_1_16' title='bbox 146 875 226 954; x_wconf 90' lang='lat' dir='ltr'><strong>apud</strong></span> <span class='ocrx_word' id='word_1_17' title='bbox 247 878 341 937; x_wconf 79' lang='lat' dir='ltr'><strong>Anou.</strong></span> <span class='ocrx_word' id='word_1_18' title='bbox 360 875 417 955; x_wconf 83' lang='lat'><strong>(9)</strong></span> <span class='ocrx_word' id='word_1_19' title='bbox 437 876 554 952; x_wconf 83' lang='lat' dir='ltr'><strong>legitur.</strong></span> <span class='ocrx_word' id='word_1_20' title='bbox 575 876 619 934; x_wconf 76' lang='lat' dir='ltr'><strong>ild</strong></span> <span class='ocrx_word' id='word_1_21' title='bbox 640 877 726 935; x_wconf 88' lang='lat' dir='ltr'><strong>hunc·</strong></span> <span class='ocrx_word' id='word_1_22' title='bbox 739 877 877 937; x_wconf 84' lang='lat' dir='ltr'><strong>audacius</strong></span> 
     </span>
    </p>
   </div>
   <div class='ocr_carea' id='block_1_4' title="bbox 94 964 878 1112">
    <p class='ocr_par' dir='ltr' id='par_1_4' title="bbox 94 964 878 1112">
     <span class='ocr_line' id='line_1_5' title="bbox 96 964 878 1024; baseline 0 -3"><span class='ocrx_word' id='word_1_23' title='bbox 96 964 211 1023; x_wconf 79' lang='lat' dir='ltr'><strong>referre</strong></span> <span class='ocrx_word' id='word_1_24' title='bbox 226 964 346 1023; x_wconf 81' lang='lat' dir='ltr'><strong>conatus</strong></span> <span class='ocrx_word' id='word_1_25' title='bbox 362 977 406 1024; x_wconf 87' lang='lat' dir='ltr'><strong>est</strong></span> <span class='ocrx_word' id='word_1_26' title='bbox 419 983 537 1024; x_wconf 87' lang='lat' dir='ltr'><strong>versum</strong></span> <span class='ocrx_word' id='word_1_27' title='bbox 557 984 574 1024; x_wconf 91' lang='lat' dir='ltr'><strong>e</strong></span> <span class='ocrx_word' id='word_1_28' title='bbox 586 964 727 1024; x_wconf 76' lang='lat' dir='ltr'><strong>Varronis</strong></span> <span class='ocrx_word' id='word_1_29' title='bbox 740 970 878 1024; x_wconf 84' lang='lat' dir='ltr'><strong>Eumeni-</strong></span> 
     </span>
     <span class='ocr_line' id='line_1_6' title="bbox 94 1049 473 1112; baseline 0.011 -4"><span class='ocrx_word' id='word_1_30' title='bbox 94 1051 185 1109; x_wconf 85' lang='lat' dir='ltr'><strong>dibus</strong></span> <span class='ocrx_word' id='word_1_31' title='bbox 204 1050 241 1111; x_wconf 87' lang='lat' dir='ltr'><strong>fr.</strong></span> <span class='ocrx_word' id='word_1_32' title='bbox 257 1049 347 1109; x_wconf 81' lang='lat' dir='ltr'><strong>xxvi</strong></span> <span class='ocrx_word' id='word_1_33' title='bbox 365 1050 473 1112; x_wconf 83' lang='lat' dir='ltr'><strong>Riese:</strong></span> 
     </span>
    </p>
   </div>
   <div class='ocr_carea' id='block_1_5' title="bbox 158 1182 837 1378">
    <p class='ocr_par' dir='ltr' id='par_1_5' title="bbox 158 1182 837 1378">
     <span class='ocr_line' id='line_1_7' title="bbox 159 1182 776 1251; baseline 0.008 -19"><span class='ocrx_word' id='word_1_34' title='bbox 159 1186 267 1247; x_wconf 78' lang='lat' dir='ltr'>Hospes,</span> <span class='ocrx_word' id='word_1_35' title='bbox 279 1182 337 1248; x_wconf 85' lang='lat' dir='ltr'><strong>quid</strong></span> <span class='ocrx_word' id='word_1_36' title='bbox 351 1184 428 1235; x_wconf 83' lang='lat' dir='ltr'><strong>miras</strong></span> <span class='ocrx_word' id='word_1_37' title='bbox 441 1199 540 1237; x_wconf 87' lang='lat' dir='ltr'><strong>nummo</strong></span> <span class='ocrx_word' id='word_1_38' title='bbox 554 1199 640 1236; x_wconf 80' lang='lat' dir='ltr'><strong>curare</strong></span> <span class='ocrx_word' id='word_1_39' title='bbox 650 1189 776 1251; x_wconf 84' lang='lat' dir='ltr'><strong>Serapim?</strong></span> 
     </span>
     <span class='ocr_line' id='line_1_8' title="bbox 222 1254 837 1318; baseline 0.008 -15"><span class='ocrx_word' id='word_1_40' title='bbox 222 1254 302 1311; x_wconf 81' lang='lat' dir='ltr'><strong>Quid?</strong></span> <span class='ocrx_word' id='word_1_41' title='bbox 316 1255 386 1318; x_wconf 80' lang='lat' dir='ltr'><strong>quasi</strong></span> <span class='ocrx_word' id='word_1_42' title='bbox 396 1268 445 1305; x_wconf 88' lang='lat' dir='ltr'><strong>non</strong></span> <span class='ocrx_word' id='word_1_43' title='bbox 457 1257 594 1307; x_wconf 88' lang='lat' dir='ltr'><strong>eurettanti</strong></span> <span class='ocrx_word' id='word_1_44' title='bbox 607 1257 665 1307; x_wconf 86' lang='lat' dir='ltr'><strong>item</strong></span> <span class='ocrx_word' id='word_1_45' title='bbox 681 1258 837 1308; x_wconf 78' lang='lat' dir='ltr'><strong>Aristoteles?</strong></span> 
     </span>
     <span class='ocr_line' id='line_1_9' title="bbox 158 1325 776 1378; baseline 0.006 -4"><span class='ocrx_word' id='word_1_46' title='bbox 158 1328 206 1375; x_wconf 79' lang='lat' dir='ltr'><strong>tot</strong></span> <span class='ocrx_word' id='word_1_47' title='bbox 219 1325 305 1376; x_wconf 85' lang='lat' dir='ltr'><strong>ambos</strong></span> <span class='ocrx_word' id='word_1_48' title='bbox 318 1325 380 1375; x_wconf 88' lang='lat' dir='ltr'><strong>mira</strong></span> <span class='ocrx_word' id='word_1_49' title='bbox 392 1328 435 1376; x_wconf 82' lang='lat' dir='ltr'><strong>aut</strong></span> <span class='ocrx_word' id='word_1_50' title='bbox 450 1327 497 1376; x_wconf 80' lang='lat' dir='ltr'><strong>noh</strong></span> <span class='ocrx_word' id='word_1_51' title='bbox 509 1326 598 1378; x_wconf 85' lang='lat' dir='ltr'><strong>mirare</strong></span> <span class='ocrx_word' id='word_1_52' title='bbox 605 1326 677 1377; x_wconf 86' lang='lat' dir='ltr'><strong>deum</strong></span> <span class='ocrx_word' id='word_1_53' title='bbox 691 1342 731 1378; x_wconf 86' lang='lat' dir='ltr'><strong>me</strong></span> <span class='ocrx_word' id='word_1_54' title='bbox 772 1336 776 1341; x_wconf 83' lang='lat'>&#39;</span> 
     </span>
    </p>
   </div>
   <div class='ocr_carea' id='block_1_6' title="bbox 220 1395 362 1448">
    <p class='ocr_par' dir='ltr' id='par_1_6' title="bbox 220 1395 362 1448">
     <span class='ocr_line' id='line_1_10' title="bbox 220 1395 362 1448; baseline 0.014 -2"><span class='ocrx_word' id='word_1_55' title='bbox 220 1397 257 1446; x_wconf 80' lang='lat' dir='ltr'><strong>De</strong></span> <span class='ocrx_word' id='word_1_56' title='bbox 266 1395 362 1448; x_wconf 70' lang='lat' dir='ltr'><strong>eodem</strong></span> 
     </span>
    </p>
   </div>
   <div class='ocr_carea' id='block_1_7' title="bbox 92 1512 879 2124">
    <p class='ocr_par' dir='ltr' id='par_1_7' title="bbox 92 1512 879 2124">
     <span class='ocr_line' id='line_1_11' title="bbox 92 1512 876 1593; baseline 0.005 -21"><span class='ocrx_word' id='word_1_57' title='bbox 92 1514 159 1575; x_wconf 80' lang='lat' dir='ltr'><strong>ios.</strong></span> <span class='ocrx_word' id='word_1_58' title='bbox 173 1512 314 1590; x_wconf 79' lang='lat' dir='ltr'><strong>Scaliger,</strong></span> <span class='ocrx_word' id='word_1_59' title='bbox 327 1514 358 1573; x_wconf 89' lang='lat' dir='ltr'><strong>in</strong></span> <span class='ocrx_word' id='word_1_60' title='bbox 371 1513 451 1573; x_wconf 89' lang='lat' dir='ltr'><strong>libro</strong></span> <span class='ocrx_word' id='word_1_61' title='bbox 465 1533 553 1593; x_wconf 87' lang='lat' dir='ltr'><strong>quem</strong></span> <span class='ocrx_word' id='word_1_62' title='bbox 568 1515 624 1575; x_wconf 90' lang='lat' dir='ltr'><strong>sub</strong></span> <span class='ocrx_word' id='word_1_63' title='bbox 635 1514 876 1576; x_wconf 83' lang='lat' dir='ltr'><strong>nomineYvonis</strong></span> 
     </span>
     <span class='ocr_line' id='line_1_12' title="bbox 95 1602 876 1664; baseline 0.005 -5"><span class='ocrx_word' id='word_1_64' title='bbox 95 1602 263 1662; x_wconf 80' lang='lat' dir='ltr'><strong>Villiomari</strong></span> <span class='ocrx_word' id='word_1_65' title='bbox 276 1603 307 1661; x_wconf 92' lang='lat' dir='ltr'><strong>in</strong></span> <span class='ocrx_word' id='word_1_66' title='bbox 322 1602 402 1662; x_wconf 87' lang='lat' dir='ltr'><strong>locos</strong></span> <span class='ocrx_word' id='word_1_67' title='bbox 417 1616 622 1663; x_wconf 72' lang='lat' dir='ltr'><strong>controversos</strong></span> <span class='ocrx_word' id='word_1_68' title='bbox 635 1604 711 1663; x_wconf 86' lang='lat' dir='ltr'><strong>ttob.</strong></span> <span class='ocrx_word' id='word_1_69' title='bbox 727 1603 801 1663; x_wconf 80' lang='lat' dir='ltr'><strong>Titii</strong></span> <span class='ocrx_word' id='word_1_70' title='bbox 815 1605 876 1664; x_wconf 91' lang='lat' dir='ltr'><strong>edi·</strong></span> 
     </span>
     <span class='ocr_line' id='line_1_13' title="bbox 95 1690 879 1769; baseline 0.001 -18"><span class='ocrx_word' id='word_1_71' title='bbox 95 1692 150 1763; x_wconf 91' lang='lat' dir='ltr'><strong>dit,</strong></span> <span class='ocrx_word' id='word_1_72' title='bbox 162 1690 213 1763; x_wconf 83' lang='lat' dir='ltr'><strong>tx,</strong></span> <span class='ocrx_word' id='word_1_73' title='bbox 229 1713 273 1751; x_wconf 84' lang='lat' dir='ltr'><strong>ra.</strong></span> <span class='ocrx_word' id='word_1_74' title='bbox 286 1690 393 1749; x_wconf 80' lang='lat' dir='ltr'><strong>Eodem</strong></span> <span class='ocrx_word' id='word_1_75' title='bbox 403 1690 489 1769; x_wconf 88' lang='lat' dir='ltr'><strong>plane</strong></span> <span class='ocrx_word' id='word_1_76' title='bbox 500 1691 588 1751; x_wconf 88' lang='lat' dir='ltr'><strong>modo</strong></span> <span class='ocrx_word' id='word_1_77' title='bbox 596 1705 628 1750; x_wconf 90' lang='lat' dir='ltr'><strong>ut</strong></span> <span class='ocrx_word' id='word_1_78' title='bbox 637 1691 697 1763; x_wconf 88' lang='lat' dir='ltr'><strong>hic,</strong></span> <span class='ocrx_word' id='word_1_79' title='bbox 711 1691 879 1753; x_wconf 77' lang='lat' dir='ltr'><strong>aristotelis</strong></span> 
     </span>
     <span class='ocr_line' id='line_1_14' title="bbox 97 1777 878 1859; baseline 0 -21"><span class='ocrx_word' id='word_1_80' title='bbox 97 1799 205 1839; x_wconf 89' lang='lat' dir='ltr'><strong>nomen</strong></span> <span class='ocrx_word' id='word_1_81' title='bbox 230 1800 286 1858; x_wconf 88' lang='lat' dir='ltr'><strong>pro</strong></span> <span class='ocrx_word' id='word_1_82' title='bbox 308 1777 465 1856; x_wconf 87' lang='lat' dir='ltr'><strong>cujuslibet</strong></span> <span class='ocrx_word' id='word_1_83' title='bbox 485 1778 655 1859; x_wconf 85' lang='lat' dir='ltr'><strong>philosophi</strong></span> <span class='ocrx_word' id='word_1_84' title='bbox 676 1782 802 1858; x_wconf 86' lang='lat' dir='ltr'><strong>positum</strong></span> <span class='ocrx_word' id='word_1_85' title='bbox 836 1795 878 1838; x_wconf 90' lang='lat' dir='ltr'><strong>est</strong></span> 
     </span>
     <span class='ocr_line' id='line_1_15' title="bbox 95 1867 877 1948; baseline 0.001 -23"><span class='ocrx_word' id='word_1_86' title='bbox 95 1867 176 1947; x_wconf 90' lang='lat' dir='ltr'><strong>apud</strong></span> <span class='ocrx_word' id='word_1_87' title='bbox 190 1867 314 1926; x_wconf 89' lang='lat' dir='ltr'><strong>eundem</strong></span> <span class='ocrx_word' id='word_1_88' title='bbox 327 1867 488 1926; x_wconf 87' lang='lat' dir='ltr'><strong>Varronem</strong></span> <span class='ocrx_word' id='word_1_89' title='bbox 503 1871 534 1927; x_wconf 93' lang='lat' dir='ltr'><strong>in</strong></span> <span class='ocrx_word' id='word_1_90' title='bbox 553 1871 655 1927; x_wconf 87' lang='lat' dir='ltr'><strong>Satura</strong></span> <span class='ocrx_word' id='word_1_91' title='bbox 668 1869 808 1948; x_wconf 85' lang='lat' dir='ltr'><strong>inscripta</strong></span> <span class='ocrx_word' id='word_1_92' title='bbox 830 1872 877 1926; x_wconf 86' lang='lat' dir='ltr'><strong>Te·</strong></span> 
     </span>
     <span class='ocr_line' id='line_1_16' title="bbox 92 1954 874 2034; baseline 0.009 -25"><span class='ocrx_word' id='word_1_93' title='bbox 92 1970 274 2024; x_wconf 62' lang='lat' dir='ltr'><strong>,trementum</strong></span> <span class='ocrx_word' id='word_1_94' title='bbox 294 1954 372 2034; x_wconf 85' lang='lat' dir='ltr'><strong>apud</strong></span> <span class='ocrx_word' id='word_1_95' title='bbox 393 1955 468 2016; x_wconf 88' lang='lat' dir='ltr'><strong>Gell.</strong></span> <span class='ocrx_word' id='word_1_96' title='bbox 484 1955 520 2016; x_wconf 81' lang='lat' dir='ltr'><strong>N.</strong></span> <span class='ocrx_word' id='word_1_97' title='bbox 537 1959 610 2029; x_wconf 61' lang='lat' dir='ltr'><strong>alth,</strong></span> <span class='ocrx_word' id='word_1_98' title='bbox 624 1955 680 2034; x_wconf 89' lang='lat' dir='ltr'><strong>lll,</strong></span> <span class='ocrx_word' id='word_1_99' title='bbox 701 1959 747 2029; x_wconf 88' lang='lat'><strong>16,</strong></span> <span class='ocrx_word' id='word_1_100' title='bbox 768 1960 800 2015; x_wconf 82' lang='lat'><strong>13</strong></span> <span class='ocrx_word' id='word_1_101' title='bbox 823 1957 874 2034; x_wconf 81' lang='lat' dir='ltr'><strong>(ir.</strong></span> 
     </span>
     <span class='ocr_line' id='line_1_17' title="bbox 94 2042 239 2124; baseline 0.034 -23"><span class='ocrx_word' id='word_1_102' title='bbox 94 2053 111 2113; x_wconf 75' lang='lat' dir='ltr'><strong>t</strong></span> <span class='ocrx_word' id='word_1_103' title='bbox 132 2042 239 2124; x_wconf 83' lang='lat' dir='ltr'><strong>Riese).</strong></span> 
     </span>
    </p>
   </div>
   <div class='ocr_carea' id='block_1_8' title="bbox 425 2197 550 2275">
    <p class='ocr_par' dir='ltr' id='par_1_8' title="bbox 425 2197 550 2275">
     <span class='ocr_line' id='line_1_18' title="bbox 425 2197 550 2275; baseline 0.016 -2"><span class='ocrx_word' id='word_1_104' title='bbox 425 2197 550 2275; x_wconf 74' lang='grc' dir='ltr'><strong>ι·(ττ·)</strong></span> 
     </span>
    </p>
   </div>
   <div class='ocr_carea' id='block_1_9' title="bbox 92 2348 880 3136">
    <p class='ocr_par' dir='ltr' id='par_1_9' title="bbox 92 2348 880 3136">
     <span class='ocr_line' id='line_1_19' title="bbox 135 2348 876 2429; baseline -0.001 -19"><span class='ocrx_word' id='word_1_105' title='bbox 135 2355 246 2410; x_wconf 80' lang='lat' dir='ltr'>Seneca</span> <span class='ocrx_word' id='word_1_106' title='bbox 259 2348 368 2421; x_wconf 81' lang='lat' dir='ltr'><strong>Quaest.</strong></span> <span class='ocrx_word' id='word_1_107' title='bbox 383 2348 448 2407; x_wconf 83' lang='lat' dir='ltr'><strong>Nat.</strong></span> <span class='ocrx_word' id='word_1_108' title='bbox 461 2348 527 2425; x_wconf 85' lang='lat' dir='ltr'><strong>Vll,</strong></span> <span class='ocrx_word' id='word_1_109' title='bbox 544 2351 593 2424; x_wconf 84' lang='lat'><strong>30,</strong></span> <span class='ocrx_word' id='word_1_110' title='bbox 612 2371 624 2408; x_wconf 89' lang='lat' dir='ltr'><strong>t</strong></span> <span class='ocrx_word' id='word_1_111' title='bbox 644 2373 651 2409; x_wconf 73' lang='grc' dir='ltr'>ι</span> <span class='ocrx_word' id='word_1_112' title='bbox 668 2355 789 2429; x_wconf 81' lang='lat' dir='ltr'><strong>Egregie</strong></span> <span class='ocrx_word' id='word_1_113' title='bbox 802 2357 876 2409; x_wconf 85' lang='lat' dir='ltr'><strong>Ari·</strong></span> 
     </span>
     <span class='ocr_line' id='line_1_20' title="bbox 92 2443 876 2514; baseline 0.003 -19"><span class='ocrx_word' id='word_1_114' title='bbox 92 2445 245 2499; x_wconf 80' lang='lat' dir='ltr'><strong>stoteies</strong></span> <span class='ocrx_word' id='word_1_115' title='bbox 255 2446 301 2495; x_wconf 82' lang='lat' dir='ltr'><strong>ait</strong></span> <span class='ocrx_word' id='word_1_116' title='bbox 313 2458 457 2514; x_wconf 80' lang='lat' dir='ltr'><strong>nunqnam</strong></span> <span class='ocrx_word' id='word_1_117' title='bbox 469 2458 520 2495; x_wconf 89' lang='lat' dir='ltr'><strong>nos</strong></span> <span class='ocrx_word' id='word_1_118' title='bbox 532 2443 745 2497; x_wconf 65' lang='lat' dir='ltr'><strong>verecundiores</strong></span> <span class='ocrx_word' id='word_1_119' title='bbox 757 2460 817 2498; x_wconf 83' lang='lat' dir='ltr'><strong>erse</strong></span> <span class='ocrx_word' id='word_1_120' title='bbox 826 2444 876 2497; x_wconf 86' lang='lat' dir='ltr'><strong>de·</strong></span> 
     </span>
     <span class='ocr_line' id='line_1_21' title="bbox 93 2529 877 2605; baseline -0.001 -20"><span class='ocrx_word' id='word_1_121' title='bbox 93 2532 174 2599; x_wconf 85' lang='lat' dir='ltr'><strong>bere,</strong></span> <span class='ocrx_word' id='word_1_122' title='bbox 188 2548 272 2603; x_wconf 82' lang='lat' dir='ltr'><strong>qnam</strong></span> <span class='ocrx_word' id='word_1_123' title='bbox 283 2529 410 2603; x_wconf 80' lang='lat' dir='ltr'><strong>quamde</strong></span> <span class='ocrx_word' id='word_1_124' title='bbox 420 2529 464 2582; x_wconf 87' lang='lat' dir='ltr'><strong>dis</strong></span> <span class='ocrx_word' id='word_1_125' title='bbox 474 2533 576 2601; x_wconf 81' lang='lat' dir='ltr'><strong>agitur.</strong></span> <span class='ocrx_word' id='word_1_126' title='bbox 588 2529 621 2584; x_wconf 87' lang='lat' dir='ltr'><strong>Si</strong></span> <span class='ocrx_word' id='word_1_127' title='bbox 626 2534 759 2585; x_wconf 80' lang='lat' dir='ltr'><strong>intremus</strong></span> <span class='ocrx_word' id='word_1_128' title='bbox 770 2532 877 2605; x_wconf 82' lang='lat' dir='ltr'><strong>templa</strong></span> 
     </span>
     <span class='ocr_line' id='line_1_22' title="bbox 94 2615 880 2694; baseline -0.001 -20"><span class='ocrx_word' id='word_1_129' title='bbox 94 2623 237 2692; x_wconf 74' lang='lat' dir='ltr'><strong>compositi</strong></span> <span class='ocrx_word' id='word_1_130' title='bbox 317 2627 420 2691; x_wconf 78' lang='lat' dir='ltr'><strong>quanto</strong></span> <span class='ocrx_word' id='word_1_131' title='bbox 443 2615 496 2671; x_wconf 76' lang='lat' dir='ltr'><strong>hoc</strong></span> <span class='ocrx_word' id='word_1_132' title='bbox 516 2622 607 2694; x_wconf 84' lang='lat' dir='ltr'><strong>magis</strong></span> <span class='ocrx_word' id='word_1_133' title='bbox 622 2615 726 2688; x_wconf 74' lang='lat' dir='ltr'><strong>jacere</strong></span> <span class='ocrx_word' id='word_1_134' title='bbox 749 2616 880 2673; x_wconf 83' lang='lat' dir='ltr'><strong>debemus</strong></span> 
     </span>
     <span class='ocr_line' id='line_1_23' title="bbox 93 2706 879 2781; baseline -0.005 -19"><span class='ocrx_word' id='word_1_135' title='bbox 93 2726 178 2781; x_wconf 62' lang='lat' dir='ltr'><strong>eluunt</strong></span> <span class='ocrx_word' id='word_1_136' title='bbox 196 2706 401 2775; x_wconf 66' lang='lat' dir='ltr'><strong>(inridendus,</strong></span> <span class='ocrx_word' id='word_1_137' title='bbox 421 2706 458 2759; x_wconf 74' lang='lat' dir='ltr'><strong>de</strong></span> <span class='ocrx_word' id='word_1_138' title='bbox 481 2724 576 2760; x_wconf 85' lang='lat' dir='ltr'><strong>eorum</strong></span> <span class='ocrx_word' id='word_1_139' title='bbox 595 2718 714 2772; x_wconf 75' lang='lat' dir='ltr'><strong>tratura,</strong></span> <span class='ocrx_word' id='word_1_140' title='bbox 735 2707 772 2760; x_wconf 81' lang='lat' dir='ltr'><strong>cle</strong></span> <span class='ocrx_word' id='word_1_141' title='bbox 793 2706 879 2759; x_wconf 82' lang='lat' dir='ltr'><strong>stellis</strong></span> 
     </span>
     <span class='ocr_line' id='line_1_24' title="bbox 93 2794 880 2870; baseline -0.003 -20"><span class='ocrx_word' id='word_1_142' title='bbox 93 2799 281 2870; x_wconf 81' lang='lat' dir='ltr'><strong>disputamus,</strong></span> <span class='ocrx_word' id='word_1_143' title='bbox 300 2794 418 2867; x_wconf 83' lang='lat' dir='ltr'><strong>nequid</strong></span> <span class='ocrx_word' id='word_1_144' title='bbox 430 2804 544 2862; x_wconf 89' lang='lat' dir='ltr'><strong>temere,</strong></span> <span class='ocrx_word' id='word_1_145' title='bbox 562 2796 680 2868; x_wconf 80' lang='lat' dir='ltr'><strong>nequid</strong></span> <span class='ocrx_word' id='word_1_146' title='bbox 691 2795 880 2868; x_wconf 83' lang='lat' dir='ltr'><strong>impmdenter</strong></span> 
     </span>
     <span class='ocr_line' id='line_1_25' title="bbox 95 2881 879 2957; baseline -0.003 -18"><span class='ocrx_word' id='word_1_147' title='bbox 95 2896 146 2939; x_wconf 89' lang='lat' dir='ltr'><strong>nut</strong></span> <span class='ocrx_word' id='word_1_148' title='bbox 169 2889 332 2956; x_wconf 71' lang='lat' dir='ltr'><strong>ignorantes</strong></span> <span class='ocrx_word' id='word_1_149' title='bbox 349 2881 531 2957; x_wconf 77' lang='lat' dir='ltr'><strong>adfirmemus</strong></span> <span class='ocrx_word' id='word_1_150' title='bbox 552 2894 603 2936; x_wconf 82' lang='lat' dir='ltr'><strong>ant</strong></span> <span class='ocrx_word' id='word_1_151' title='bbox 624 2888 742 2938; x_wconf 84' lang='lat' dir='ltr'><strong>scientes</strong></span> <span class='ocrx_word' id='word_1_152' title='bbox 756 2886 879 2938; x_wconf 84' lang='lat' dir='ltr'><strong>mentin-</strong></span> 
     </span>
     <span class='ocr_line' id='line_1_26' title="bbox 97 2967 877 3047; baseline -0.001 -19"><span class='ocrx_word' id='word_1_153' title='bbox 97 2994 168 3028; x_wconf 84' lang='lat' dir='ltr'><strong>nmr.</strong></span> <span class='ocrx_word' id='word_1_154' title='bbox 198 2969 267 3027; x_wconf 80' lang='lat' dir='ltr'><strong>llaec</strong></span> <span class='ocrx_word' id='word_1_155' title='bbox 284 2968 321 3028; x_wconf 86' lang='lat' dir='ltr'><strong>ad</strong></span> <span class='ocrx_word' id='word_1_156' title='bbox 336 2967 484 3045; x_wconf 76' lang='lat' dir='ltr'><strong>dialogum</strong></span> <span class='ocrx_word' id='word_1_157' title='bbox 502 2968 538 3026; x_wconf 91' lang='lat' dir='ltr'><strong>de</strong></span> <span class='ocrx_word' id='word_1_158' title='bbox 561 2967 753 3047; x_wconf 80' lang='lat' dir='ltr'><strong>Philosophia</strong></span> <span class='ocrx_word' id='word_1_159' title='bbox 776 2968 877 3027; x_wconf 86' lang='lat' dir='ltr'><strong>retulit</strong></span> 
     </span>
     <span class='ocr_line' id='line_1_27' title="bbox 97 3057 440 3136; baseline -0.009 -17"><span class='ocrx_word' id='word_1_160' title='bbox 97 3061 238 3135; x_wconf 79' lang='lat' dir='ltr'><strong>Bernnys,</strong></span> <span class='ocrx_word' id='word_1_161' title='bbox 255 3057 276 3119; x_wconf 92' lang='lat' dir='ltr'><strong>l.</strong></span> <span class='ocrx_word' id='word_1_162' title='bbox 292 3058 312 3117; x_wconf 92' lang='lat' dir='ltr'><strong>l.</strong></span> <span class='ocrx_word' id='word_1_163' title='bbox 326 3077 356 3136; x_wconf 88' lang='lat' dir='ltr'><strong>p.</strong></span> <span class='ocrx_word' id='word_1_164' title='bbox 373 3058 440 3116; x_wconf 83' lang='lat'>166.</span> 
     </span>
    </p>
   </div>
   <div class='ocr_carea' id='block_1_10' title="bbox 420 3214 558 3294">
    <p class='ocr_par' dir='ltr' id='par_1_10' title="bbox 420 3214 558 3294">
     <span class='ocr_line' id='line_1_28' title="bbox 420 3214 558 3294; baseline -0.036 -2"><span class='ocrx_word' id='word_1_165' title='bbox 420 3214 558 3294; x_wconf 78' lang='lat' dir='ltr'><strong>2·l78·l</strong></span> 
     </span>
    </p>
   </div>
   <div class='ocr_carea' id='block_1_11' title="bbox 94 3376 881 3983">
    <p class='ocr_par' dir='ltr' id='par_1_11' title="bbox 94 3376 878 3797">
     <span class='ocr_line' id='line_1_29' title="bbox 139 3376 876 3456; baseline 0.003 -22"><span class='ocrx_word' id='word_1_166' title='bbox 139 3376 309 3456; x_wconf 78' lang='lat' dir='ltr'><strong>Simplicius</strong></span> <span class='ocrx_word' id='word_1_167' title='bbox 333 3377 365 3435; x_wconf 90' lang='lat' dir='ltr'><strong>in</strong></span> <span class='ocrx_word' id='word_1_168' title='bbox 386 3377 477 3437; x_wconf 74' lang='lat' dir='ltr'><strong>trist.</strong></span> <span class='ocrx_word' id='word_1_169' title='bbox 503 3377 539 3435; x_wconf 91' lang='lat' dir='ltr'><strong>de</strong></span> <span class='ocrx_word' id='word_1_170' title='bbox 559 3376 650 3450; x_wconf 78' lang='lat' dir='ltr'><strong>Caelo,</strong></span> <span class='ocrx_word' id='word_1_171' title='bbox 667 3378 687 3435; x_wconf 85' lang='lat' dir='ltr'><strong>l.</strong></span> <span class='ocrx_word' id='word_1_172' title='bbox 716 3379 791 3448; x_wconf 80' lang='lat'><strong>235,</strong></span> <span class='ocrx_word' id='word_1_173' title='bbox 809 3377 876 3436; x_wconf 88' lang='lat' dir='ltr'><strong>cod.</strong></span> 
     </span>
     <span class='ocr_line' id='line_1_30' title="bbox 98 3461 878 3546; baseline 0 -23"><span class='ocrx_word' id='word_1_174' title='bbox 98 3466 193 3524; x_wconf 86' lang='lat' dir='ltr'><strong>Paris.</strong></span> <span class='ocrx_word' id='word_1_175' title='bbox 215 3485 288 3542; x_wconf 86' lang='lat'>¹9¹⁰</span> <span class='ocrx_word' id='word_1_176' title='bbox 303 3464 380 3543; x_wconf 85' lang='lat' dir='ltr'><strong>apud</strong></span> <span class='ocrx_word' id='word_1_177' title='bbox 392 3463 513 3524; x_wconf 80' lang='lat' dir='ltr'><strong>hosium</strong></span> <span class='ocrx_word' id='word_1_178' title='bbox 530 3487 537 3521; x_wconf 75' lang='grc' dir='ltr'>τ</span> <span class='ocrx_word' id='word_1_179' title='bbox 553 3461 621 3525; x_wconf 83' lang='grc' dir='ltr'><strong>Ὅτι</strong></span> <span class='ocrx_word' id='word_1_180' title='bbox 635 3463 686 3546; x_wconf 68' lang='grc' dir='ltr'><strong>γὰρ</strong></span> <span class='ocrx_word' id='word_1_181' title='bbox 701 3463 878 3526; x_wconf 63' lang='lat' dir='ltr'><strong>lenocinari</strong></span> 
     </span>
     <span class='ocr_line' id='line_1_31' title="bbox 96 3550 877 3632; baseline 0.001 -23"><span class='ocrx_word' id='word_1_182' title='bbox 96 3552 165 3632; x_wconf 78' lang='grc' dir='ltr'>ὑπὲρ</span> <span class='ocrx_word' id='word_1_183' title='bbox 175 3551 219 3609; x_wconf 88' lang='grc' dir='ltr'>τδν</span> <span class='ocrx_word' id='word_1_184' title='bbox 230 3556 288 3611; x_wconf 82' lang='grc' dir='ltr'>νοῦν</span> <span class='ocrx_word' id='word_1_185' title='bbox 303 3553 348 3609; x_wconf 79' lang='grc' dir='ltr'><strong>καὶ</strong></span> <span class='ocrx_word' id='word_1_186' title='bbox 361 3551 410 3622; x_wconf 73' lang='grc' dir='ltr'>τὴν</span> <span class='ocrx_word' id='word_1_187' title='bbox 422 3551 514 3610; x_wconf 78' lang='grc' dir='ltr'>οὐσίαν</span> <span class='ocrx_word' id='word_1_188' title='bbox 524 3556 538 3610; x_wconf 81' lang='grc' dir='ltr'>δ</span> <span class='ocrx_word' id='word_1_189' title='bbox 548 3551 576 3610; x_wconf 71' lang='grc' dir='ltr'>Ἀ</span> <span class='ocrx_word' id='word_1_190' title='bbox 585 3575 600 3631; x_wconf 91' lang='grc' dir='ltr'>ρ</span> <span class='ocrx_word' id='word_1_191' title='bbox 609 3575 617 3609; x_wconf 92' lang='grc' dir='ltr'>ι</span> <span class='ocrx_word' id='word_1_192' title='bbox 625 3573 703 3610; x_wconf 76' lang='lat' dir='ltr'><strong>oros</strong></span> <span class='ocrx_word' id='word_1_193' title='bbox 712 3551 788 3624; x_wconf 78' lang='grc' dir='ltr'>ίλης</span> <span class='ocrx_word' id='word_1_194' title='bbox 798 3550 877 3624; x_wconf 78' lang='grc' dir='ltr'>δῆλός</span> 
     </span>
     <span class='ocr_line' id='line_1_32' title="bbox 96 3637 878 3720; baseline -0.006 -18"><span class='ocrx_word' id='word_1_195' title='bbox 96 3646 154 3702; x_wconf 77' lang='grc' dir='ltr'>ἐστι</span> <span class='ocrx_word' id='word_1_196' title='bbox 168 3642 232 3720; x_wconf 82' lang='grc' dir='ltr'>πρὸς</span> <span class='ocrx_word' id='word_1_197' title='bbox 245 3642 299 3707; x_wconf 82' lang='grc' dir='ltr'>τοῖς</span> <span class='ocrx_word' id='word_1_198' title='bbox 314 3640 410 3719; x_wconf 79' lang='lat' dir='ltr'><strong>nipast</strong></span> <span class='ocrx_word' id='word_1_199' title='bbox 423 3646 470 3699; x_wconf 80' lang='grc' dir='ltr'><strong>τοῦ</strong></span> <span class='ocrx_word' id='word_1_200' title='bbox 484 3639 545 3720; x_wconf 66' lang='grc' dir='ltr'>περὶ</span> <span class='ocrx_word' id='word_1_201' title='bbox 557 3643 648 3720; x_wconf 79' lang='grc' dir='ltr'>Εῦχῆς</span> <span class='ocrx_word' id='word_1_202' title='bbox 664 3639 769 3718; x_wconf 78' lang='grc' dir='ltr'>βιῦλίον</span> <span class='ocrx_word' id='word_1_203' title='bbox 782 3637 878 3713; x_wconf 67' lang='lat' dir='ltr'><strong>sintii,</strong></span> 
     </span>
     <span class='ocr_line' id='line_1_33' title="bbox 94 3723 748 3797; baseline -0.003 -10"><span class='ocrx_word' id='word_1_204' title='bbox 94 3729 136 3788; x_wconf 83' lang='grc' dir='ltr'><strong>ὅτι</strong></span> <span class='ocrx_word' id='word_1_205' title='bbox 150 3733 165 3786; x_wconf 85' lang='grc' dir='ltr'>δ</span> <span class='ocrx_word' id='word_1_206' title='bbox 181 3727 236 3793; x_wconf 78' lang='grc' dir='ltr'>δεδς</span> <span class='ocrx_word' id='word_1_207' title='bbox 248 3723 335 3796; x_wconf 59' lang='lat' dir='ltr'><strong>hrode</strong></span> <span class='ocrx_word' id='word_1_208' title='bbox 350 3725 452 3797; x_wconf 73' lang='grc' dir='ltr'>ίστίνῆ</span> <span class='ocrx_word' id='word_1_209' title='bbox 468 3726 590 3785; x_wconf 76' lang='grc' dir='ltr'>ίπίκιινσί</span> <span class='ocrx_word' id='word_1_210' title='bbox 599 3750 624 3784; x_wconf 88' lang='grc' dir='ltr'><strong>τι</strong></span> <span class='ocrx_word' id='word_1_211' title='bbox 637 3732 683 3785; x_wconf 89' lang='grc' dir='ltr'><strong>τοῦ</strong></span> <span class='ocrx_word' id='word_1_212' title='bbox 695 3731 748 3785; x_wconf 88' lang='grc' dir='ltr'>νοῦ.</span> 
     </span>
    </p>

    <p class='ocr_par' dir='ltr' id='par_1_12' title="bbox 95 3813 881 3983">
     <span class='ocr_line' id='line_1_34' title="bbox 139 3813 881 3893; baseline 0 -20"><span class='ocrx_word' id='word_1_213' title='bbox 139 3818 174 3874; x_wconf 93' lang='lat' dir='ltr'><strong>ln</strong></span> <span class='ocrx_word' id='word_1_214' title='bbox 190 3815 262 3873; x_wconf 89' lang='lat' dir='ltr'><strong>edit.</strong></span> <span class='ocrx_word' id='word_1_215' title='bbox 276 3814 384 3871; x_wconf 76' lang='lat' dir='ltr'><strong>aldina</strong></span> <span class='ocrx_word' id='word_1_216' title='bbox 395 3813 445 3873; x_wconf 86' lang='lat' dir='ltr'><strong>fol.</strong></span> <span class='ocrx_word' id='word_1_217' title='bbox 461 3818 516 3872; x_wconf 84' lang='lat'><strong>118</strong></span> <span class='ocrx_word' id='word_1_218' title='bbox 526 3815 680 3872; x_wconf 76' lang='lat' dir='ltr'><strong>versohaec</strong></span> <span class='ocrx_word' id='word_1_219' title='bbox 689 3816 732 3872; x_wconf 83' lang='lat' dir='ltr'><strong>ita</strong></span> <span class='ocrx_word' id='word_1_220' title='bbox 743 3833 881 3893; x_wconf 81' lang='lat' dir='ltr'><strong>expressa</strong></span> 
     </span>
     <span class='ocr_line' id='line_1_35' title="bbox 95 3899 880 3983; baseline -0.008 -15"><span class='ocrx_word' id='word_1_221' title='bbox 95 3919 167 3968; x_wconf 84' lang='lat' dir='ltr'><strong>sunt</strong></span> <span class='ocrx_word' id='word_1_222' title='bbox 184 3899 271 3964; x_wconf 67' lang='grc' dir='ltr'>τὈτι</span> <span class='ocrx_word' id='word_1_223' title='bbox 286 3901 334 3979; x_wconf 73' lang='grc' dir='ltr'>μίν</span> <span class='ocrx_word' id='word_1_224' title='bbox 348 3899 400 3981; x_wconf 72' lang='grc' dir='ltr'><strong>γὰρ</strong></span> <span class='ocrx_word' id='word_1_225' title='bbox 412 3910 465 3961; x_wconf 85' lang='grc' dir='ltr'>νοεῖ</span> <span class='ocrx_word' id='word_1_226' title='bbox 479 3925 505 3961; x_wconf 82' lang='grc' dir='ltr'><strong>τι</strong></span> <span class='ocrx_word' id='word_1_227' title='bbox 514 3901 560 3961; x_wconf 81' lang='grc' dir='ltr'><strong>κοί</strong></span> <span class='ocrx_word' id='word_1_228' title='bbox 575 3901 641 3978; x_wconf 79' lang='grc' dir='ltr'><strong>ὑπὲρ</strong></span> <span class='ocrx_word' id='word_1_229' title='bbox 654 3902 698 3961; x_wconf 84' lang='grc' dir='ltr'>τδν</span> <span class='ocrx_word' id='word_1_230' title='bbox 713 3906 794 3962; x_wconf 88' lang='grc' dir='ltr'>νοῦνδ</span> <span class='ocrx_word' id='word_1_231' title='bbox 803 3902 880 3983; x_wconf 84' lang='grc' dir='ltr'>Ἀρι·</span> 
     </span>
    </p>
   </div>
   <div class='ocr_carea' id='block_1_12' title="bbox 931 621 1713 2089">
    <p class='ocr_par' dir='ltr' id='par_1_13' title="bbox 931 621 1713 2089">
     <span class='ocr_line' id='line_1_36' title="bbox 933 621 1712 699; baseline 0.003 -19"><span class='ocrx_word' id='word_1_232' title='bbox 933 624 955 683; x_wconf 88' lang='lat' dir='ltr'><strong>f.</strong></span> <span class='ocrx_word' id='word_1_233' title='bbox 985 631 1021 696; x_wconf 71' lang='lat'><strong>74</strong></span> <span class='ocrx_word' id='word_1_234' title='bbox 1047 621 1138 698; x_wconf 89' lang='lat' dir='ltr'><strong>recto)</strong></span> <span class='ocrx_word' id='word_1_235' title='bbox 1157 644 1165 681; x_wconf 79' lang='lat' dir='ltr'><strong>t</strong></span> <span class='ocrx_word' id='word_1_236' title='bbox 1191 625 1275 696; x_wconf 85' lang='lat' dir='ltr'><strong>Quod</strong></span> <span class='ocrx_word' id='word_1_237' title='bbox 1292 631 1369 681; x_wconf 87' lang='lat' dir='ltr'><strong>enim</strong></span> <span class='ocrx_word' id='word_1_238' title='bbox 1391 628 1531 699; x_wconf 71' lang='lat' dir='ltr'><strong>intelligat</strong></span> <span class='ocrx_word' id='word_1_239' title='bbox 1554 627 1665 699; x_wconf 70' lang='lat' dir='ltr'><strong>atquin</strong></span> <span class='ocrx_word' id='word_1_240' title='bbox 1681 641 1712 683; x_wconf 80' lang='lat' dir='ltr'><strong>et</strong></span> 
     </span>
     <span class='ocr_line' id='line_1_37' title="bbox 932 713 1710 787; baseline 0 -21"><span class='ocrx_word' id='word_1_241' title='bbox 932 732 1018 787; x_wconf 78' lang='lat' dir='ltr'><strong>supra</strong></span> <span class='ocrx_word' id='word_1_242' title='bbox 1032 713 1199 767; x_wconf 86' lang='lat' dir='ltr'><strong>intellectum</strong></span> <span class='ocrx_word' id='word_1_243' title='bbox 1213 725 1243 767; x_wconf 86' lang='lat' dir='ltr'><strong>ct</strong></span> <span class='ocrx_word' id='word_1_244' title='bbox 1254 713 1532 787; x_wconf 78' lang='lat' dir='ltr'><strong>suprasnbstantt&#39;am</strong></span> <span class='ocrx_word' id='word_1_245' title='bbox 1546 714 1710 768; x_wconf 79' lang='lat' dir='ltr'><strong>Aristoteles</strong></span> 
     </span>
     <span class='ocr_line' id='line_1_38' title="bbox 933 796 1710 877; baseline 0 -22"><span class='ocrx_word' id='word_1_246' title='bbox 933 797 1119 869; x_wconf 76' lang='lat' dir='ltr'><strong>trinnifestans</strong></span> <span class='ocrx_word' id='word_1_247' title='bbox 1138 796 1214 877; x_wconf 63' lang='lat' dir='ltr'><strong>(ns)</strong></span> <span class='ocrx_word' id='word_1_248' title='bbox 1234 807 1325 857; x_wconf 85' lang='lat' dir='ltr'><strong>estin</strong></span> <span class='ocrx_word' id='word_1_249' title='bbox 1345 803 1423 859; x_wconf 75' lang='lat' dir='ltr'><strong>calce</strong></span> <span class='ocrx_word' id='word_1_250' title='bbox 1443 802 1507 857; x_wconf 84' lang='lat' dir='ltr'><strong>libri</strong></span> <span class='ocrx_word' id='word_1_251' title='bbox 1537 802 1573 856; x_wconf 84' lang='lat' dir='ltr'><strong>de</strong></span> <span class='ocrx_word' id='word_1_252' title='bbox 1593 803 1710 857; x_wconf 84' lang='lat' dir='ltr'><strong>Omtore</strong></span> 
     </span>
     <span class='ocr_line' id='line_1_39' title="bbox 931 889 1712 963; baseline 0 -20"><span class='ocrx_word' id='word_1_253' title='bbox 931 891 1018 963; x_wconf 75' lang='lat' dir='ltr'><strong>platee</strong></span> <span class='ocrx_word' id='word_1_254' title='bbox 1031 890 1126 943; x_wconf 81' lang='lat' dir='ltr'><strong>dicens</strong></span> <span class='ocrx_word' id='word_1_255' title='bbox 1143 889 1219 963; x_wconf 85' lang='lat' dir='ltr'><strong>quod</strong></span> <span class='ocrx_word' id='word_1_256' title='bbox 1231 890 1300 944; x_wconf 74' lang='lat' dir='ltr'><strong>detis</strong></span> <span class='ocrx_word' id='word_1_257' title='bbox 1317 901 1367 945; x_wconf 81' lang='lat' dir='ltr'><strong>aut</strong></span> <span class='ocrx_word' id='word_1_258' title='bbox 1380 890 1535 945; x_wconf 66' lang='lat' dir='ltr'><strong>intellectae</strong></span> <span class='ocrx_word' id='word_1_259' title='bbox 1554 902 1596 943; x_wconf 83' lang='lat' dir='ltr'><strong>est</strong></span> <span class='ocrx_word' id='word_1_260' title='bbox 1614 901 1665 944; x_wconf 86' lang='lat' dir='ltr'><strong>aut</strong></span> <span class='ocrx_word' id='word_1_261' title='bbox 1683 902 1712 944; x_wconf 81' lang='lat' dir='ltr'><strong>et</strong></span> 
     </span>
     <span class='ocr_line' id='line_1_40' title="bbox 935 974 1711 1051; baseline 0.001 -20"><span class='ocrx_word' id='word_1_262' title='bbox 935 978 1047 1051; x_wconf 83' lang='lat' dir='ltr'><strong>aliquid</strong></span> <span class='ocrx_word' id='word_1_263' title='bbox 1075 979 1150 1031; x_wconf 84' lang='lat' dir='ltr'><strong>ultra</strong></span> <span class='ocrx_word' id='word_1_264' title='bbox 1172 978 1354 1035; x_wconf 70' lang='lat' dir='ltr'><strong>Intellectum.</strong></span> <span class='ocrx_word' id='word_1_265' title='bbox 1376 974 1411 1033; x_wconf 90' lang='lat' dir='ltr'><strong>ln</strong></span> <span class='ocrx_word' id='word_1_266' title='bbox 1437 974 1485 1033; x_wconf 88' lang='lat' dir='ltr'><strong>his</strong></span> <span class='ocrx_word' id='word_1_267' title='bbox 1512 988 1608 1033; x_wconf 85' lang='lat' dir='ltr'><strong>tamen</strong></span> <span class='ocrx_word' id='word_1_268' title='bbox 1637 976 1711 1033; x_wconf 81' lang='lat' dir='ltr'><strong>nrale</strong></span> 
     </span>
     <span class='ocr_line' id='line_1_41' title="bbox 934 1062 1711 1140; baseline 0.001 -21"><span class='ocrx_word' id='word_1_269' title='bbox 934 1068 971 1120; x_wconf 83' lang='lat' dir='ltr'><strong>de</strong></span> <span class='ocrx_word' id='word_1_270' title='bbox 987 1066 1105 1121; x_wconf 79' lang='lat' dir='ltr'><strong>Oratore</strong></span> <span class='ocrx_word' id='word_1_271' title='bbox 1120 1082 1176 1140; x_wconf 88' lang='lat' dir='ltr'><strong>pro</strong></span> <span class='ocrx_word' id='word_1_272' title='bbox 1189 1066 1225 1120; x_wconf 85' lang='lat' dir='ltr'><strong>de</strong></span> <span class='ocrx_word' id='word_1_273' title='bbox 1246 1066 1373 1120; x_wconf 59' lang='lat' dir='ltr'><strong>(hancine</strong></span> <span class='ocrx_word' id='word_1_274' title='bbox 1384 1062 1504 1138; x_wconf 83' lang='lat' dir='ltr'><strong>legitur,</strong></span> <span class='ocrx_word' id='word_1_275' title='bbox 1522 1076 1553 1121; x_wconf 91' lang='lat' dir='ltr'><strong>ut</strong></span> <span class='ocrx_word' id='word_1_276' title='bbox 1573 1082 1589 1119; x_wconf 89' lang='lat' dir='ltr'><strong>e</strong></span> <span class='ocrx_word' id='word_1_277' title='bbox 1614 1062 1711 1122; x_wconf 81' lang='lat' dir='ltr'><strong>verbis</strong></span> 
     </span>
     <span class='ocr_line' id='line_1_42' title="bbox 935 1150 1711 1230; baseline -0.001 -21"><span class='ocrx_word' id='word_1_278' title='bbox 935 1166 1056 1230; x_wconf 87' lang='lat' dir='ltr'><strong>apparet</strong></span> <span class='ocrx_word' id='word_1_279' title='bbox 1077 1171 1143 1228; x_wconf 84' lang='lat' dir='ltr'><strong>quae</strong></span> <span class='ocrx_word' id='word_1_280' title='bbox 1157 1163 1223 1228; x_wconf 85' lang='lat' dir='ltr'><strong>post</strong></span> <span class='ocrx_word' id='word_1_281' title='bbox 1244 1150 1331 1210; x_wconf 82' lang='lat' dir='ltr'><strong>finem</strong></span> <span class='ocrx_word' id='word_1_282' title='bbox 1347 1153 1416 1209; x_wconf 78' lang='lat' dir='ltr'><strong>vitae</strong></span> <span class='ocrx_word' id='word_1_283' title='bbox 1435 1150 1602 1209; x_wconf 70' lang='lat' dir='ltr'><strong>Aristotelis</strong></span> <span class='ocrx_word' id='word_1_284' title='bbox 1621 1150 1711 1209; x_wconf 83' lang='lat' dir='ltr'><strong>latine</strong></span> 
     </span>
     <span class='ocr_line' id='line_1_43' title="bbox 936 1236 1708 1316; baseline -0.001 -18"><span class='ocrx_word' id='word_1_285' title='bbox 936 1258 1030 1299; x_wconf 76' lang='lat' dir='ltr'><strong>versae</strong></span> <span class='ocrx_word' id='word_1_286' title='bbox 1054 1239 1085 1297; x_wconf 88' lang='lat' dir='ltr'><strong>in</strong></span> <span class='ocrx_word' id='word_1_287' title='bbox 1104 1238 1204 1297; x_wconf 82' lang='lat' dir='ltr'><strong>inultis</strong></span> <span class='ocrx_word' id='word_1_288' title='bbox 1225 1238 1376 1297; x_wconf 83' lang='lat' dir='ltr'><strong>codicibus</strong></span> <span class='ocrx_word' id='word_1_289' title='bbox 1397 1236 1545 1316; x_wconf 85' lang='lat' dir='ltr'><strong>adscripta</strong></span> <span class='ocrx_word' id='word_1_290' title='bbox 1563 1249 1649 1309; x_wconf 87' lang='lat' dir='ltr'><strong>sunt,</strong></span> <span class='ocrx_word' id='word_1_291' title='bbox 1670 1239 1708 1298; x_wconf 85' lang='lat' dir='ltr'><strong>cl.</strong></span> 
     </span>
     <span class='ocr_line' id='line_1_44' title="bbox 934 1324 1710 1405; baseline -0.001 -21"><span class='ocrx_word' id='word_1_292' title='bbox 934 1327 1025 1386; x_wconf 79' lang='lat' dir='ltr'><strong>Arist.</strong></span> <span class='ocrx_word' id='word_1_293' title='bbox 1047 1325 1093 1385; x_wconf 85' lang='lat' dir='ltr'><strong>ed.</strong></span> <span class='ocrx_word' id='word_1_294' title='bbox 1108 1325 1213 1397; x_wconf 78' lang='lat' dir='ltr'><strong>liuhle,</strong></span> <span class='ocrx_word' id='word_1_295' title='bbox 1228 1338 1248 1382; x_wconf 88' lang='lat' dir='ltr'><strong>t.</strong></span> <span class='ocrx_word' id='word_1_296' title='bbox 1268 1326 1292 1397; x_wconf 86' lang='lat' dir='ltr'><strong>l,</strong></span> <span class='ocrx_word' id='word_1_297' title='bbox 1311 1346 1342 1405; x_wconf 89' lang='lat' dir='ltr'><strong>p.</strong></span> <span class='ocrx_word' id='word_1_298' title='bbox 1367 1326 1417 1403; x_wconf 82' lang='lat'><strong>59,</strong></span> <span class='ocrx_word' id='word_1_299' title='bbox 1436 1344 1502 1402; x_wconf 84' lang='lat' dir='ltr'><strong>quae</strong></span> <span class='ocrx_word' id='word_1_300' title='bbox 1512 1324 1710 1384; x_wconf 85' lang='lat' dir='ltr'><strong>emendatiora</strong></span> 
     </span>
     <span class='ocr_line' id='line_1_45' title="bbox 935 1412 1711 1495; baseline -0.001 -24"><span class='ocrx_word' id='word_1_301' title='bbox 935 1431 952 1471; x_wconf 91' lang='lat' dir='ltr'><strong>e</strong></span> <span class='ocrx_word' id='word_1_302' title='bbox 971 1412 1038 1495; x_wconf 85' lang='lat' dir='ltr'><strong>cod.</strong></span> <span class='ocrx_word' id='word_1_303' title='bbox 1054 1412 1149 1473; x_wconf 84' lang='lat' dir='ltr'><strong>Paris.</strong></span> <span class='ocrx_word' id='word_1_304' title='bbox 1165 1413 1217 1472; x_wconf 89' lang='lat' dir='ltr'><strong>lat.</strong></span> <span class='ocrx_word' id='word_1_305' title='bbox 1228 1414 1319 1489; x_wconf 81' lang='lat'><strong>7695,</strong></span> <span class='ocrx_word' id='word_1_306' title='bbox 1330 1414 1367 1486; x_wconf 72' lang='lat' dir='ltr'><strong>A,</strong></span> <span class='ocrx_word' id='word_1_307' title='bbox 1377 1413 1471 1472; x_wconf 86' lang='lat' dir='ltr'><strong>edidit</strong></span> <span class='ocrx_word' id='word_1_308' title='bbox 1485 1413 1591 1472; x_wconf 81' lang='lat' dir='ltr'><strong>Rosius</strong></span> <span class='ocrx_word' id='word_1_309' title='bbox 1605 1413 1656 1492; x_wconf 81' lang='lat' dir='ltr'><strong>(cf.</strong></span> <span class='ocrx_word' id='word_1_310' title='bbox 1674 1418 1711 1471; x_wconf 79' lang='lat' dir='ltr'><strong>de</strong></span> 
     </span>
     <span class='ocr_line' id='line_1_46' title="bbox 935 1502 1712 1581; baseline 0.001 -23"><span class='ocrx_word' id='word_1_311' title='bbox 935 1506 1053 1562; x_wconf 84' lang='lat' dir='ltr'><strong>Aristot.</strong></span> <span class='ocrx_word' id='word_1_312' title='bbox 1072 1504 1206 1559; x_wconf 77' lang='lat' dir='ltr'><strong>librorum</strong></span> <span class='ocrx_word' id='word_1_313' title='bbox 1220 1505 1320 1559; x_wconf 82' lang='lat' dir='ltr'><strong>ordine</strong></span> <span class='ocrx_word' id='word_1_314' title='bbox 1331 1522 1362 1581; x_wconf 86' lang='lat' dir='ltr'><strong>p.</strong></span> <span class='ocrx_word' id='word_1_315' title='bbox 1378 1502 1445 1577; x_wconf 64' lang='grc' dir='ltr'><strong>τίη)</strong></span> <span class='ocrx_word' id='word_1_316' title='bbox 1467 1522 1476 1558; x_wconf 76' lang='lat'>2</span> <span class='ocrx_word' id='word_1_317' title='bbox 1492 1504 1712 1559; x_wconf 83' lang='lat' dir='ltr'><strong>Fecitautemet</strong></span> 
     </span>
     <span class='ocr_line' id='line_1_47' title="bbox 934 1590 1709 1664; baseline -0.004 -18"><span class='ocrx_word' id='word_1_318' title='bbox 934 1593 1097 1649; x_wconf 82' lang='lat' dir='ltr'><strong>Aristoteles</strong></span> <span class='ocrx_word' id='word_1_319' title='bbox 1112 1593 1212 1647; x_wconf 85' lang='lat' dir='ltr'><strong>librum</strong></span> <span class='ocrx_word' id='word_1_320' title='bbox 1224 1592 1260 1647; x_wconf 85' lang='lat' dir='ltr'><strong>de</strong></span> <span class='ocrx_word' id='word_1_321' title='bbox 1275 1592 1418 1647; x_wconf 74' lang='lat' dir='ltr'><strong>Oratione·</strong></span> <span class='ocrx_word' id='word_1_322' title='bbox 1430 1592 1512 1649; x_wconf 86' lang='lat' dir='ltr'><strong>Unde</strong></span> <span class='ocrx_word' id='word_1_323' title='bbox 1524 1590 1686 1664; x_wconf 81' lang='lat' dir='ltr'><strong>Sitnplicius</strong></span> <span class='ocrx_word' id='word_1_324' title='bbox 1700 1610 1709 1644; x_wconf 85' lang='grc'><strong>.·</strong></span> 
     </span>
     <span class='ocr_line' id='line_1_48' title="bbox 934 1678 1710 1753; baseline -0.005 -19"><span class='ocrx_word' id='word_1_325' title='bbox 934 1681 1018 1750; x_wconf 85' lang='lat' dir='ltr'><strong>Quod</strong></span> <span class='ocrx_word' id='word_1_326' title='bbox 1025 1685 1101 1734; x_wconf 87' lang='lat' dir='ltr'><strong>enim</strong></span> <span class='ocrx_word' id='word_1_327' title='bbox 1116 1681 1262 1752; x_wconf 83' lang='lat' dir='ltr'><strong>intelligat</strong></span> <span class='ocrx_word' id='word_1_328' title='bbox 1271 1691 1300 1734; x_wconf 90' lang='lat' dir='ltr'><strong>et</strong></span> <span class='ocrx_word' id='word_1_329' title='bbox 1318 1680 1432 1753; x_wconf 83' lang='lat' dir='ltr'><strong>aliqrtid</strong></span> <span class='ocrx_word' id='word_1_330' title='bbox 1442 1696 1529 1753; x_wconf 79' lang='lat' dir='ltr'><strong>supra</strong></span> <span class='ocrx_word' id='word_1_331' title='bbox 1541 1678 1710 1731; x_wconf 80' lang='lat' dir='ltr'><strong>intellectam</strong></span> 
     </span>
     <span class='ocr_line' id='line_1_49' title="bbox 932 1762 1713 1840; baseline 0 -21"><span class='ocrx_word' id='word_1_332' title='bbox 932 1778 961 1820; x_wconf 84' lang='lat' dir='ltr'><strong>et</strong></span> <span class='ocrx_word' id='word_1_333' title='bbox 982 1768 1268 1840; x_wconf 78' lang='lat' dir='ltr'><strong>supersubstantiam</strong></span> <span class='ocrx_word' id='word_1_334' title='bbox 1283 1768 1462 1835; x_wconf 76' lang='lat' dir='ltr'><strong>Aristoteles,</strong></span> <span class='ocrx_word' id='word_1_335' title='bbox 1486 1762 1650 1835; x_wconf 79' lang='lat' dir='ltr'><strong>manifestus</strong></span> <span class='ocrx_word' id='word_1_336' title='bbox 1669 1777 1713 1819; x_wconf 82' lang='lat' dir='ltr'><strong>cst</strong></span> 
     </span>
     <span class='ocr_line' id='line_1_50' title="bbox 933 1854 1713 1928; baseline -0.003 -21"><span class='ocrx_word' id='word_1_337' title='bbox 933 1854 1014 1928; x_wconf 79' lang='lat' dir='ltr'><strong>apud</strong></span> <span class='ocrx_word' id='word_1_338' title='bbox 1015 1856 1108 1928; x_wconf 80' lang='lat' dir='ltr'><strong>finem</strong></span> <span class='ocrx_word' id='word_1_339' title='bbox 1121 1857 1185 1911; x_wconf 85' lang='lat' dir='ltr'><strong>iibri</strong></span> <span class='ocrx_word' id='word_1_340' title='bbox 1197 1858 1233 1912; x_wconf 84' lang='lat' dir='ltr'><strong>de</strong></span> <span class='ocrx_word' id='word_1_341' title='bbox 1256 1858 1388 1911; x_wconf 80' lang='lat' dir='ltr'><strong>Oratione</strong></span> <span class='ocrx_word' id='word_1_342' title='bbox 1407 1857 1497 1928; x_wconf 81' lang='lat' dir='ltr'><strong>piane</strong></span> <span class='ocrx_word' id='word_1_343' title='bbox 1510 1854 1619 1916; x_wconf 73' lang='lat' dir='ltr'><strong>dicon,</strong></span> <span class='ocrx_word' id='word_1_344' title='bbox 1637 1854 1713 1925; x_wconf 73' lang='lat' dir='ltr'><strong>prend</strong></span> 
     </span>
     <span class='ocr_line' id='line_1_51' title="bbox 932 1941 1711 2017; baseline -0.005 -22"><span class='ocrx_word' id='word_1_345' title='bbox 932 1943 1001 1997; x_wconf 76' lang='lat' dir='ltr'><strong>deur</strong></span> <span class='ocrx_word' id='word_1_346' title='bbox 1012 1955 1062 1997; x_wconf 81' lang='lat' dir='ltr'><strong>ant</strong></span> <span class='ocrx_word' id='word_1_347' title='bbox 1077 1944 1233 1998; x_wconf 86' lang='lat' dir='ltr'><strong>intellectus</strong></span> <span class='ocrx_word' id='word_1_348' title='bbox 1245 1954 1346 1998; x_wconf 82' lang='lat' dir='ltr'><strong>estant</strong></span> <span class='ocrx_word' id='word_1_349' title='bbox 1359 1955 1401 1998; x_wconf 85' lang='lat' dir='ltr'><strong>est</strong></span> <span class='ocrx_word' id='word_1_350' title='bbox 1409 1942 1523 2017; x_wconf 81' lang='lat' dir='ltr'><strong>aliquid</strong></span> <span class='ocrx_word' id='word_1_351' title='bbox 1532 1943 1608 1996; x_wconf 86' lang='lat' dir='ltr'><strong>ultra</strong></span> <span class='ocrx_word' id='word_1_352' title='bbox 1629 1941 1711 1993; x_wconf 87' lang='lat' dir='ltr'><strong>intel·</strong></span> 
     </span>
     <span class='ocr_line' id='line_1_52' title="bbox 933 2032 1043 2089; baseline 0.045 -5"><span class='ocrx_word' id='word_1_353' title='bbox 933 2032 1043 2089; x_wconf 73' lang='grc' dir='ltr'>[σείων.</span> 
     </span>
    </p>
   </div>
   <div class='ocr_carea' id='block_1_13' title="bbox 1102 2191 1539 2253">
    <p class='ocr_par' dir='ltr' id='par_1_14' title="bbox 1102 2191 1539 2253">
     <span class='ocr_line' id='line_1_53' title="bbox 1102 2191 1539 2253; baseline -0.002 -2"><span class='ocrx_word' id='word_1_354' title='bbox 1102 2191 1177 2253; x_wconf 84' lang='lat' dir='ltr'><strong>lllV.</strong></span> <span class='ocrx_word' id='word_1_355' title='bbox 1201 2194 1290 2252; x_wconf 84' lang='grc' dir='ltr'>ΠΕΡΙ</span> <span class='ocrx_word' id='word_1_356' title='bbox 1313 2191 1539 2252; x_wconf 78' lang='grc' dir='ltr'><strong>ΕΥΙῈΝΕΙΑΣ.</strong></span> 
     </span>
    </p>
   </div>
   <div class='ocr_carea' id='block_1_14' title="bbox 930 2339 1715 3830">
    <p class='ocr_par' dir='ltr' id='par_1_15' title="bbox 930 2339 1715 3830">
     <span class='ocr_line' id='line_1_54' title="bbox 974 2339 1711 2420; baseline -0.004 -18"><span class='ocrx_word' id='word_1_357' title='bbox 974 2346 1017 2403; x_wconf 85' lang='lat' dir='ltr'><strong>De</strong></span> <span class='ocrx_word' id='word_1_358' title='bbox 1040 2357 1157 2403; x_wconf 82' lang='lat' dir='ltr'><strong>auctore</strong></span> <span class='ocrx_word' id='word_1_359' title='bbox 1186 2342 1296 2418; x_wconf 82' lang='lat' dir='ltr'><strong>dialogi</strong></span> <span class='ocrx_word' id='word_1_360' title='bbox 1318 2341 1379 2420; x_wconf 76' lang='grc' dir='ltr'>περὶ</span> <span class='ocrx_word' id='word_1_361' title='bbox 1404 2340 1543 2418; x_wconf 78' lang='grc' dir='ltr'>Εὐγενείας</span> <span class='ocrx_word' id='word_1_362' title='bbox 1564 2339 1601 2413; x_wconf 81' lang='lat' dir='ltr'><strong>a‘,</strong></span> <span class='ocrx_word' id='word_1_363' title='bbox 1627 2362 1711 2418; x_wconf 80' lang='lat' dir='ltr'><strong>quous</strong></span> 
     </span>
     <span class='ocr_line' id='line_1_55' title="bbox 932 2427 1709 2513; baseline -0.006 -22"><span class='ocrx_word' id='word_1_364' title='bbox 932 2446 1038 2513; x_wconf 80' lang='lat' dir='ltr'><strong>praeter</strong></span> <span class='ocrx_word' id='word_1_365' title='bbox 1071 2444 1230 2509; x_wconf 79' lang='lat' dir='ltr'><strong>umirnque</strong></span> <span class='ocrx_word' id='word_1_366' title='bbox 1252 2429 1379 2488; x_wconf 85' lang='lat' dir='ltr'><strong>indicem</strong></span> <span class='ocrx_word' id='word_1_367' title='bbox 1402 2430 1503 2505; x_wconf 83' lang='lat' dir='ltr'><strong>(Diog.</strong></span> <span class='ocrx_word' id='word_1_368' title='bbox 1530 2427 1626 2490; x_wconf 77' lang='lat' dir='ltr'><strong>laert.</strong></span> <span class='ocrx_word' id='word_1_369' title='bbox 1653 2431 1709 2503; x_wconf 78' lang='lat'><strong>15,</strong></span> 
     </span>
     <span class='ocr_line' id='line_1_56' title="bbox 933 2515 1714 2597; baseline -0.009 -19"><span class='ocrx_word' id='word_1_370' title='bbox 933 2522 1080 2597; x_wconf 75' lang='lat' dir='ltr'><strong>Anonynt.</strong></span> <span class='ocrx_word' id='word_1_371' title='bbox 1108 2519 1208 2597; x_wconf 85' lang='lat' dir='ltr'><strong>11,ci.</strong></span> <span class='ocrx_word' id='word_1_372' title='bbox 1232 2515 1436 2577; x_wconf 86' lang='lat' dir='ltr'><strong>Dschemalud.</strong></span> <span class='ocrx_word' id='word_1_373' title='bbox 1460 2516 1518 2594; x_wconf 75' lang='lat'><strong>(6)</strong></span> <span class='ocrx_word' id='word_1_374' title='bbox 1544 2518 1581 2570; x_wconf 82' lang='lat' dir='ltr'><strong>de</strong></span> <span class='ocrx_word' id='word_1_375' title='bbox 1603 2524 1714 2590; x_wconf 74' lang='lat' dir='ltr'><strong>generis</strong></span> 
     </span>
     <span class='ocr_line' id='line_1_57' title="bbox 932 2602 1714 2682; baseline -0.006 -17"><span class='ocrx_word' id='word_1_376' title='bbox 932 2612 1100 2677; x_wconf 77' lang='lat' dir='ltr'><strong>Nobilitate,</strong></span> <span class='ocrx_word' id='word_1_377' title='bbox 1119 2611 1184 2664; x_wconf 86' lang='lat' dir='ltr'><strong>libri</strong></span> <span class='ocrx_word' id='word_1_378' title='bbox 1196 2608 1251 2682; x_wconf 61' lang='lat' dir='ltr'><strong>lt]</strong></span> <span class='ocrx_word' id='word_1_379' title='bbox 1263 2604 1418 2663; x_wconf 72' lang='lat' dir='ltr'><strong>Athenaeus</strong></span> <span class='ocrx_word' id='word_1_380' title='bbox 1430 2617 1459 2662; x_wconf 90' lang='lat' dir='ltr'><strong>et</strong></span> <span class='ocrx_word' id='word_1_381' title='bbox 1475 2603 1619 2679; x_wconf 79' lang='lat' dir='ltr'><strong>Diogenes</strong></span> <span class='ocrx_word' id='word_1_382' title='bbox 1631 2602 1714 2660; x_wconf 83' lang='lat' dir='ltr'><strong>Laer-</strong></span> 
     </span>
     <span class='ocr_line' id='line_1_58' title="bbox 935 2689 1711 2772; baseline -0.008 -17"><span class='ocrx_word' id='word_1_383' title='bbox 935 2699 993 2756; x_wconf 86' lang='lat' dir='ltr'><strong>tius</strong></span> <span class='ocrx_word' id='word_1_384' title='bbox 1005 2697 1125 2755; x_wconf 83' lang='lat' dir='ltr'><strong>laudant</strong></span> <span class='ocrx_word' id='word_1_385' title='bbox 1145 2709 1222 2753; x_wconf 85' lang='lat' dir='ltr'><strong>etex</strong></span> <span class='ocrx_word' id='word_1_386' title='bbox 1238 2714 1297 2772; x_wconf 87' lang='lat' dir='ltr'><strong>quo</strong></span> <span class='ocrx_word' id='word_1_387' title='bbox 1312 2693 1427 2769; x_wconf 85' lang='lat' dir='ltr'><strong>majora</strong></span> <span class='ocrx_word' id='word_1_388' title='bbox 1449 2704 1586 2768; x_wconf 79' lang='lat' dir='ltr'><strong>excerpta</strong></span> <span class='ocrx_word' id='word_1_389' title='bbox 1598 2689 1711 2768; x_wconf 77' lang='lat' dir='ltr'><strong>prabet</strong></span> 
     </span>
     <span class='ocr_line' id='line_1_59' title="bbox 933 2779 1710 2855; baseline -0.009 -11"><span class='ocrx_word' id='word_1_390' title='bbox 933 2785 1063 2844; x_wconf 79' lang='lat' dir='ltr'><strong>loannes</strong></span> <span class='ocrx_word' id='word_1_391' title='bbox 1089 2783 1238 2855; x_wconf 82' lang='lat' dir='ltr'><strong>Stobaeus,</strong></span> <span class='ocrx_word' id='word_1_392' title='bbox 1267 2783 1348 2840; x_wconf 87' lang='lat' dir='ltr'><strong>solus</strong></span> <span class='ocrx_word' id='word_1_393' title='bbox 1372 2780 1489 2839; x_wconf 90' lang='lat' dir='ltr'><strong>dubitat</strong></span> <span class='ocrx_word' id='word_1_394' title='bbox 1517 2779 1710 2850; x_wconf 76' lang='lat' dir='ltr'><strong>Plutarchus,</strong></span> 
     </span>
     <span class='ocr_line' id='line_1_60' title="bbox 933 2864 1711 2952; baseline -0.01 -19"><span class='ocrx_word' id='word_1_395' title='bbox 933 2876 979 2933; x_wconf 85' lang='lat' dir='ltr'><strong>rel</strong></span> <span class='ocrx_word' id='word_1_396' title='bbox 997 2892 1083 2952; x_wconf 90' lang='lat' dir='ltr'><strong>quem</strong></span> <span class='ocrx_word' id='word_1_397' title='bbox 1105 2884 1220 2929; x_wconf 87' lang='lat' dir='ltr'><strong>secutus</strong></span> <span class='ocrx_word' id='word_1_398' title='bbox 1236 2869 1352 2927; x_wconf 81' lang='lat' dir='ltr'><strong>ridetur</strong></span> <span class='ocrx_word' id='word_1_399' title='bbox 1369 2869 1533 2938; x_wconf 80' lang='lat' dir='ltr'><strong>Panaetius,</strong></span> <span class='ocrx_word' id='word_1_400' title='bbox 1546 2864 1618 2924; x_wconf 82' lang='lat' dir='ltr'><strong>libri</strong></span> <span class='ocrx_word' id='word_1_401' title='bbox 1631 2885 1711 2925; x_wconf 87' lang='lat' dir='ltr'><strong>men·</strong></span> 
     </span>
     <span class='ocr_line' id='line_1_61' title="bbox 933 2954 1715 3036; baseline -0.012 -14"><span class='ocrx_word' id='word_1_402' title='bbox 933 2964 1007 3023; x_wconf 86' lang='lat' dir='ltr'><strong>tioni</strong></span> <span class='ocrx_word' id='word_1_403' title='bbox 1025 2963 1073 3021; x_wconf 88' lang='lat' dir='ltr'><strong>his</strong></span> <span class='ocrx_word' id='word_1_404' title='bbox 1096 2960 1196 3019; x_wconf 75' lang='lat' dir='ltr'><strong>serbis</strong></span> <span class='ocrx_word' id='word_1_405' title='bbox 1217 2959 1326 3018; x_wconf 87' lang='lat' dir='ltr'><strong>additis</strong></span> <span class='ocrx_word' id='word_1_406' title='bbox 1349 2960 1371 3016; x_wconf 82' lang='grc' dir='ltr'><strong>εἰ</strong></span> <span class='ocrx_word' id='word_1_407' title='bbox 1386 2957 1418 3028; x_wconf 74' lang='grc' dir='ltr'><strong>δὴ</strong></span> <span class='ocrx_word' id='word_1_408' title='bbox 1436 2956 1467 3015; x_wconf 81' lang='grc' dir='ltr'><strong>τὸ</strong></span> <span class='ocrx_word' id='word_1_409' title='bbox 1488 2954 1589 3036; x_wconf 65' lang='lat' dir='ltr'><strong>psillos</strong></span> <span class='ocrx_word' id='word_1_410' title='bbox 1612 2956 1639 3013; x_wconf 77' lang='grc' dir='ltr'>ἐν</span> <span class='ocrx_word' id='word_1_411' title='bbox 1660 2965 1715 3022; x_wconf 84' lang='grc' dir='ltr'>τοῖς</span> 
     </span>
     <span class='ocr_line' id='line_1_62' title="bbox 931 3042 1713 3129; baseline -0.009 -19"><span class='ocrx_word' id='word_1_412' title='bbox 931 3051 1046 3128; x_wconf 74' lang='grc' dir='ltr'>γνησίοις</span> <span class='ocrx_word' id='word_1_413' title='bbox 1054 3046 1251 3129; x_wconf 78' lang='grc' dir='ltr'>Ἀριστστίλσνς</span> <span class='ocrx_word' id='word_1_414' title='bbox 1261 3045 1356 3107; x_wconf 75' lang='grc' dir='ltr'>θετέον.</span> <span class='ocrx_word' id='word_1_415' title='bbox 1368 3045 1465 3115; x_wconf 80' lang='lat' dir='ltr'><strong>Qiiare</strong></span> <span class='ocrx_word' id='word_1_416' title='bbox 1485 3063 1555 3103; x_wconf 83' lang='lat' dir='ltr'><strong>vero</strong></span> <span class='ocrx_word' id='word_1_417' title='bbox 1566 3042 1596 3101; x_wconf 93' lang='lat' dir='ltr'><strong>id</strong></span> <span class='ocrx_word' id='word_1_418' title='bbox 1608 3044 1713 3103; x_wconf 84' lang='lat' dir='ltr'><strong>iactum</strong></span> 
     </span>
     <span class='ocr_line' id='line_1_63' title="bbox 932 3133 1715 3217; baseline -0.01 -17"><span class='ocrx_word' id='word_1_419' title='bbox 932 3142 972 3201; x_wconf 89' lang='lat' dir='ltr'><strong>sit</strong></span> <span class='ocrx_word' id='word_1_420' title='bbox 987 3158 1079 3217; x_wconf 87' lang='lat' dir='ltr'><strong>quum</strong></span> <span class='ocrx_word' id='word_1_421' title='bbox 1097 3157 1184 3197; x_wconf 87' lang='lat' dir='ltr'><strong>causa</strong></span> <span class='ocrx_word' id='word_1_422' title='bbox 1198 3135 1361 3212; x_wconf 86' lang='lat' dir='ltr'><strong>ignoretur,</strong></span> <span class='ocrx_word' id='word_1_423' title='bbox 1374 3134 1432 3192; x_wconf 89' lang='lat' dir='ltr'><strong>nisi</strong></span> <span class='ocrx_word' id='word_1_424' title='bbox 1448 3148 1544 3192; x_wconf 86' lang='lat' dir='ltr'><strong>tamen</strong></span> <span class='ocrx_word' id='word_1_425' title='bbox 1556 3133 1715 3211; x_wconf 86' lang='lat' dir='ltr'><strong>suspiceris</strong></span> 
     </span>
     <span class='ocr_line' id='line_1_64' title="bbox 930 3221 1712 3303; baseline -0.012 -14"><span class='ocrx_word' id='word_1_426' title='bbox 930 3230 1110 3298; x_wconf 80' lang='lat' dir='ltr'><strong>Panaetium,</strong></span> <span class='ocrx_word' id='word_1_427' title='bbox 1126 3227 1216 3303; x_wconf 84' lang='lat' dir='ltr'><strong>quiet</strong></span> <span class='ocrx_word' id='word_1_428' title='bbox 1230 3227 1266 3283; x_wconf 87' lang='lat' dir='ltr'><strong>de</strong></span> <span class='ocrx_word' id='word_1_429' title='bbox 1279 3225 1495 3283; x_wconf 78' lang='lat' dir='ltr'><strong>Socraticorum</strong></span> <span class='ocrx_word' id='word_1_430' title='bbox 1517 3221 1712 3299; x_wconf 85' lang='lat' dir='ltr'><strong>quorumdam</strong></span> 
     </span>
     <span class='ocr_line' id='line_1_65' title="bbox 932 3309 1714 3394; baseline -0.014 -16"><span class='ocrx_word' id='word_1_431' title='bbox 932 3320 1059 3394; x_wconf 87' lang='lat' dir='ltr'><strong>dialogis</strong></span> <span class='ocrx_word' id='word_1_432' title='bbox 1081 3313 1266 3374; x_wconf 75' lang='lat' dir='ltr'><strong>dubitaverat</strong></span> <span class='ocrx_word' id='word_1_433' title='bbox 1291 3313 1445 3389; x_wconf 71' lang='lat' dir='ltr'><strong>(ch&#39;Diog.</strong></span> <span class='ocrx_word' id='word_1_434' title='bbox 1468 3311 1564 3369; x_wconf 88' lang='lat' dir='ltr'><strong>Laert.</strong></span> <span class='ocrx_word' id='word_1_435' title='bbox 1579 3309 1619 3382; x_wconf 91' lang='lat' dir='ltr'><strong>ll,</strong></span> <span class='ocrx_word' id='word_1_436' title='bbox 1643 3312 1714 3388; x_wconf 66' lang='grc'><strong>64),</strong></span> 
     </span>
     <span class='ocr_line' id='line_1_66' title="bbox 933 3398 1712 3464; baseline -0.012 1"><span class='ocrx_word' id='word_1_437' title='bbox 933 3406 982 3464; x_wconf 90' lang='lat' dir='ltr'><strong>tali</strong></span> <span class='ocrx_word' id='word_1_438' title='bbox 996 3403 1083 3463; x_wconf 87' lang='lat' dir='ltr'><strong>modo</strong></span> <span class='ocrx_word' id='word_1_439' title='bbox 1099 3402 1212 3460; x_wconf 65' lang='lat' dir='ltr'><strong>Socrui</strong></span> <span class='ocrx_word' id='word_1_440' title='bbox 1228 3401 1337 3460; x_wconf 86' lang='lat' dir='ltr'><strong>illatam</strong></span> <span class='ocrx_word' id='word_1_441' title='bbox 1354 3400 1586 3460; x_wconf 87' lang='lat' dir='ltr'><strong>criminationem</strong></span> <span class='ocrx_word' id='word_1_442' title='bbox 1597 3398 1712 3458; x_wconf 88' lang='lat' dir='ltr'><strong>diluere</strong></span> 
     </span>
     <span class='ocr_line' id='line_1_67' title="bbox 936 3487 1715 3568; baseline -0.012 -16"><span class='ocrx_word' id='word_1_443' title='bbox 936 3492 1096 3563; x_wconf 86' lang='lat' dir='ltr'><strong>studuisse,</strong></span> <span class='ocrx_word' id='word_1_444' title='bbox 1108 3489 1146 3548; x_wconf 88' lang='lat' dir='ltr'><strong>de</strong></span> <span class='ocrx_word' id='word_1_445' title='bbox 1157 3509 1190 3548; x_wconf 88' lang='lat' dir='ltr'><strong>re</strong></span> <span class='ocrx_word' id='word_1_446' title='bbox 1204 3490 1268 3568; x_wconf 89' lang='lat' dir='ltr'><strong>ipsa</strong></span> <span class='ocrx_word' id='word_1_447' title='bbox 1282 3507 1341 3546; x_wconf 91' lang='lat' dir='ltr'><strong>non</strong></span> <span class='ocrx_word' id='word_1_448' title='bbox 1354 3488 1458 3565; x_wconf 89' lang='lat' dir='ltr'><strong>liquet.</strong></span> <span class='ocrx_word' id='word_1_449' title='bbox 1469 3487 1537 3566; x_wconf 86' lang='lat' dir='ltr'><strong>Ipsa</strong></span> <span class='ocrx_word' id='word_1_450' title='bbox 1553 3508 1625 3546; x_wconf 85' lang='lat' dir='ltr'><strong>vero</strong></span> <span class='ocrx_word' id='word_1_451' title='bbox 1641 3488 1715 3560; x_wconf 77' lang='lat' dir='ltr'><strong>frag·</strong></span> 
     </span>
     <span class='ocr_line' id='line_1_68' title="bbox 935 3576 1709 3652; baseline -0.009 -14"><span class='ocrx_word' id='word_1_452' title='bbox 935 3595 1033 3640; x_wconf 89' lang='lat' dir='ltr'><strong>menta</strong></span> <span class='ocrx_word' id='word_1_453' title='bbox 1048 3579 1203 3639; x_wconf 82' lang='lat' dir='ltr'><strong>Aristotele</strong></span> <span class='ocrx_word' id='word_1_454' title='bbox 1223 3577 1306 3635; x_wconf 91' lang='lat' dir='ltr'><strong>nullo</strong></span> <span class='ocrx_word' id='word_1_455' title='bbox 1321 3578 1409 3636; x_wconf 89' lang='lat' dir='ltr'><strong>modo</strong></span> <span class='ocrx_word' id='word_1_456' title='bbox 1422 3576 1548 3652; x_wconf 87' lang='lat' dir='ltr'><strong>indigna</strong></span> <span class='ocrx_word' id='word_1_457' title='bbox 1561 3588 1629 3636; x_wconf 87' lang='lat' dir='ltr'><strong>sunt</strong></span> <span class='ocrx_word' id='word_1_458' title='bbox 1644 3595 1709 3633; x_wconf 88' lang='lat' dir='ltr'><strong>cum</strong></span> 
     </span>
     <span class='ocr_line' id='line_1_69' title="bbox 935 3666 1713 3748; baseline -0.012 -20"><span class='ocrx_word' id='word_1_459' title='bbox 935 3683 1056 3748; x_wconf 89' lang='lat' dir='ltr'><strong>propter</strong></span> <span class='ocrx_word' id='word_1_460' title='bbox 1071 3666 1281 3725; x_wconf 85' lang='lat' dir='ltr'><strong>sententiarum</strong></span> <span class='ocrx_word' id='word_1_461' title='bbox 1296 3683 1417 3724; x_wconf 88' lang='lat' dir='ltr'><strong>acumen</strong></span> <span class='ocrx_word' id='word_1_462' title='bbox 1433 3678 1493 3723; x_wconf 90' lang='lat' dir='ltr'><strong>tum</strong></span> <span class='ocrx_word' id='word_1_463' title='bbox 1508 3677 1630 3743; x_wconf 88' lang='lat' dir='ltr'><strong>propter</strong></span> <span class='ocrx_word' id='word_1_464' title='bbox 1643 3681 1713 3721; x_wconf 86' lang='lat' dir='ltr'><strong>ver-</strong></span> 
     </span>
     <span class='ocr_line' id='line_1_70' title="bbox 936 3754 1242 3830; baseline 0.003 -17"><span class='ocrx_word' id='word_1_465' title='bbox 936 3755 1043 3813; x_wconf 89' lang='lat' dir='ltr'><strong>borum</strong></span> <span class='ocrx_word' id='word_1_466' title='bbox 1058 3754 1242 3830; x_wconf 83' lang='lat' dir='ltr'><strong>elegantiam.</strong></span> 
     </span>
    </p>
   </div>
   <div class='ocr_carea' id='block_1_15' title="bbox 1262 3912 1393 3990">
    <p class='ocr_par' dir='ltr' id='par_1_16' title="bbox 1262 3912 1393 3990">
     <span class='ocr_line' id='line_1_71' title="bbox 1262 3912 1393 3990; baseline 0 0"><span class='ocrx_word' id='word_1_467' title='bbox 1262 3912 1393 3990; x_wconf 74' lang='grc' dir='ltr'><strong>ι·(79·)</strong></span> 
     </span>
    </p>
   </div>
   <div class='ocr_carea' id='block_1_16' title="bbox 97 3989 947 4072">
    <p class='ocr_par' dir='ltr' id='par_1_17' title="bbox 97 3989 947 4072">
     <span class='ocr_line' id='line_1_72' title="bbox 97 3989 947 4072; baseline -0.004 -19"><span class='ocrx_word' id='word_1_468' title='bbox 97 3993 224 4066; x_wconf 83' lang='grc' dir='ltr'>οτοτίλης</span> <span class='ocrx_word' id='word_1_469' title='bbox 238 3991 284 4050; x_wconf 78' lang='grc' dir='ltr'><strong>καί</strong></span> <span class='ocrx_word' id='word_1_470' title='bbox 305 3989 372 4067; x_wconf 84' lang='grc' dir='ltr'>ῦπδρ</span> <span class='ocrx_word' id='word_1_471' title='bbox 393 3990 440 4061; x_wconf 76' lang='grc' dir='ltr'>τὴν</span> <span class='ocrx_word' id='word_1_472' title='bbox 454 3991 545 4051; x_wconf 77' lang='grc' dir='ltr'>οὐσίαν</span> <span class='ocrx_word' id='word_1_473' title='bbox 568 3989 646 4061; x_wconf 77' lang='grc' dir='ltr'>δῆλός</span> <span class='ocrx_word' id='word_1_474' title='bbox 658 3991 801 4072; x_wconf 77' lang='grc' dir='ltr'>ίστιτταρδ</span> <span class='ocrx_word' id='word_1_475' title='bbox 822 4000 879 4059; x_wconf 82' lang='grc' dir='ltr'>τοῖς</span> <span class='ocrx_word' id='word_1_476' title='bbox 944 4050 947 4056; x_wconf 80' lang='grc'><em>,</em></span> 
     </span>
    </p>
   </div>
   <div class='ocr_carea' id='block_1_17' title="bbox 98 4077 882 4592">
    <p class='ocr_par' dir='ltr' id='par_1_18' title="bbox 98 4077 882 4592">
     <span class='ocr_line' id='line_1_73' title="bbox 98 4077 880 4163; baseline -0.006 -20"><span class='ocrx_word' id='word_1_477' title='bbox 98 4081 221 4163; x_wconf 75' lang='grc' dir='ltr'><strong>ἐσχάτοις</strong></span> <span class='ocrx_word' id='word_1_478' title='bbox 230 4082 276 4139; x_wconf 84' lang='grc' dir='ltr'><strong>τοῦ</strong></span> <span class='ocrx_word' id='word_1_479' title='bbox 290 4078 394 4158; x_wconf 65' lang='lat' dir='ltr'><strong>‚settin</strong></span> <span class='ocrx_word' id='word_1_480' title='bbox 401 4079 462 4158; x_wconf 80' lang='grc' dir='ltr'>περὶ</span> <span class='ocrx_word' id='word_1_481' title='bbox 473 4081 628 4159; x_wconf 82' lang='grc' dir='ltr'>Προσευχῆς</span> <span class='ocrx_word' id='word_1_482' title='bbox 636 4077 778 4159; x_wconf 73' lang='grc' dir='ltr'>διαρρήδην</span> <span class='ocrx_word' id='word_1_483' title='bbox 787 4077 880 4158; x_wconf 73' lang='grc' dir='ltr'>λέγων·</span> 
     </span>
     <span class='ocr_line' id='line_1_74' title="bbox 98 4166 880 4247; baseline -0.004 -17"><span class='ocrx_word' id='word_1_484' title='bbox 98 4173 138 4231; x_wconf 74' lang='grc' dir='ltr'><strong>ὅτι</strong></span> <span class='ocrx_word' id='word_1_485' title='bbox 152 4174 167 4229; x_wconf 79' lang='grc' dir='ltr'><strong>ὁ</strong></span> <span class='ocrx_word' id='word_1_486' title='bbox 183 4168 239 4235; x_wconf 81' lang='grc' dir='ltr'>διὸς</span> <span class='ocrx_word' id='word_1_487' title='bbox 253 4166 272 4241; x_wconf 75' lang='grc' dir='ltr'><strong>ἢ</strong></span> <span class='ocrx_word' id='word_1_488' title='bbox 286 4172 344 4233; x_wconf 87' lang='grc' dir='ltr'>νοῦς</span> <span class='ocrx_word' id='word_1_489' title='bbox 357 4167 428 4226; x_wconf 82' lang='grc' dir='ltr'>ίστίν</span> <span class='ocrx_word' id='word_1_490' title='bbox 442 4168 460 4240; x_wconf 77' lang='grc' dir='ltr'>ἤ</span> <span class='ocrx_word' id='word_1_491' title='bbox 473 4190 500 4227; x_wconf 91' lang='grc' dir='ltr'><strong>τι</strong></span> <span class='ocrx_word' id='word_1_492' title='bbox 512 4166 559 4226; x_wconf 79' lang='grc' dir='ltr'><strong>καί</strong></span> <span class='ocrx_word' id='word_1_493' title='bbox 572 4166 639 4247; x_wconf 75' lang='grc' dir='ltr'>ὑπὲρ</span> <span class='ocrx_word' id='word_1_494' title='bbox 649 4171 728 4243; x_wconf 81' lang='grc' dir='ltr'>νοῦν,</span> <span class='ocrx_word' id='word_1_495' title='bbox 744 4187 835 4246; x_wconf 87' lang='lat' dir='ltr'><strong>quum</strong></span> <span class='ocrx_word' id='word_1_496' title='bbox 848 4169 880 4227; x_wconf 89' lang='lat' dir='ltr'><strong>in</strong></span> 
     </span>
     <span class='ocr_line' id='line_1_75' title="bbox 99 4255 882 4333; baseline -0.003 -17"><span class='ocrx_word' id='word_1_497' title='bbox 99 4258 235 4316; x_wconf 76' lang='lat' dir='ltr'><strong>versione</strong></span> <span class='ocrx_word' id='word_1_498' title='bbox 258 4256 348 4314; x_wconf 84' lang='lat' dir='ltr'><strong>latina</strong></span> <span class='ocrx_word' id='word_1_499' title='bbox 366 4255 445 4315; x_wconf 87' lang='lat' dir='ltr'><strong>Guil.</strong></span> <span class='ocrx_word' id='word_1_500' title='bbox 467 4257 503 4315; x_wconf 82' lang='lat' dir='ltr'><strong>de</strong></span> <span class='ocrx_word' id='word_1_501' title='bbox 526 4255 698 4327; x_wconf 83' lang='lat' dir='ltr'><strong>Moerbeke,</strong></span> <span class='ocrx_word' id='word_1_502' title='bbox 716 4274 824 4333; x_wconf 87' lang='lat' dir='ltr'><strong>quam,</strong></span> <span class='ocrx_word' id='word_1_503' title='bbox 849 4268 882 4314; x_wconf 91' lang='lat' dir='ltr'><strong>ut</strong></span> 
     </span>
     <span class='ocr_line' id='line_1_76' title="bbox 102 4337 882 4415; baseline -0.004 -18"><span class='ocrx_word' id='word_1_504' title='bbox 102 4345 136 4397; x_wconf 78' lang='lat' dir='ltr'><strong>h.</strong></span> <span class='ocrx_word' id='word_1_505' title='bbox 162 4337 281 4415; x_wconf 79' lang='lat' dir='ltr'><strong>Peyron</strong></span> <span class='ocrx_word' id='word_1_506' title='bbox 307 4337 450 4408; x_wconf 86' lang='lat' dir='ltr'><strong>ostendit,</strong></span> <span class='ocrx_word' id='word_1_507' title='bbox 476 4339 509 4396; x_wconf 89' lang='lat' dir='ltr'><strong>in</strong></span> <span class='ocrx_word' id='word_1_508' title='bbox 527 4341 645 4414; x_wconf 85' lang='lat' dir='ltr'><strong>Fragm.</strong></span> <span class='ocrx_word' id='word_1_509' title='bbox 668 4338 830 4412; x_wconf 75' lang='lat' dir='ltr'><strong>Enpredocl.</strong></span> <span class='ocrx_word' id='word_1_510' title='bbox 853 4351 882 4394; x_wconf 91' lang='lat' dir='ltr'><strong>et</strong></span> 
     </span>
     <span class='ocr_line' id='line_1_77' title="bbox 100 4423 880 4505; baseline -0.003 -22"><span class='ocrx_word' id='word_1_511' title='bbox 100 4427 267 4483; x_wconf 81' lang='lat' dir='ltr'><strong>Parmenid.</strong></span> <span class='ocrx_word' id='word_1_512' title='bbox 281 4424 360 4503; x_wconf 86' lang='lat' dir='ltr'><strong>Lips.</strong></span> <span class='ocrx_word' id='word_1_513' title='bbox 379 4425 471 4496; x_wconf 81' lang='lat'><strong>1810,</strong></span> <span class='ocrx_word' id='word_1_514' title='bbox 486 4446 517 4505; x_wconf 90' lang='lat' dir='ltr'><strong>p.</strong></span> <span class='ocrx_word' id='word_1_515' title='bbox 535 4446 566 4501; x_wconf 83' lang='lat'><strong>9,</strong></span> <span class='ocrx_word' id='word_1_516' title='bbox 582 4444 705 4501; x_wconf 75' lang='lat' dir='ltr'><strong>graecam</strong></span> <span class='ocrx_word' id='word_1_517' title='bbox 730 4424 812 4496; x_wconf 81' lang='lat' dir='ltr'><strong>lecit,</strong></span> <span class='ocrx_word' id='word_1_518' title='bbox 828 4423 880 4501; x_wconf 87' lang='lat' dir='ltr'><strong>qui</strong></span> 
     </span>
     <span class='ocr_line' id='line_1_78' title="bbox 99 4512 879 4592; baseline -0.003 -21"><span class='ocrx_word' id='word_1_519' title='bbox 99 4513 287 4592; x_wconf 86' lang='lat' dir='ltr'><strong>Simplicium</strong></span> <span class='ocrx_word' id='word_1_520' title='bbox 301 4512 406 4589; x_wconf 88' lang='lat' dir='ltr'><strong>edidit,</strong></span> <span class='ocrx_word' id='word_1_521' title='bbox 418 4513 551 4589; x_wconf 85' lang='lat' dir='ltr'><strong>legantur</strong></span> <span class='ocrx_word' id='word_1_522' title='bbox 568 4514 632 4591; x_wconf 74' lang='lat' dir='ltr'><strong>(ed,</strong></span> <span class='ocrx_word' id='word_1_523' title='bbox 648 4513 767 4585; x_wconf 88' lang='lat' dir='ltr'><strong>Veneta,</strong></span> <span class='ocrx_word' id='word_1_524' title='bbox 785 4513 879 4584; x_wconf 78' lang='lat'><strong>1555,</strong></span> 
     </span>
    </p>
   </div>
   <div class='ocr_carea' id='block_1_18' title="bbox 358 4724 624 4930">
    <p class='ocr_par' dir='ltr' id='par_1_19' title="bbox 358 4724 624 4930">
     <span class='ocr_line' id='line_1_79' title="bbox 358 4724 624 4773; baseline 0 -3"><span class='ocrx_word' id='word_1_525' title='bbox 358 4724 399 4770; x_wconf 78' lang='lat' dir='ltr'><strong>lli]</strong></span> <span class='ocrx_word' id='word_1_526' title='bbox 418 4724 624 4773; x_wconf 66' lang='lat' dir='ltr'><strong>annuntiotis.</strong></span> 
     </span>
     <span class='ocr_line' id='line_1_80' title="bbox 480 4887 505 4930; baseline -0.04 0"><span class='ocrx_word' id='word_1_527' title='bbox 480 4887 505 4930; x_wconf 70' lang='lat' dir='ltr'><strong>i.</strong></span> 
     </span>
    </p>
   </div>
   <div class='ocr_carea' id='block_1_19' title="bbox 100 5023 882 5354">
    <p class='ocr_par' dir='ltr' id='par_1_20' title="bbox 100 5023 882 5354">
     <span class='ocr_line' id='line_1_81' title="bbox 132 5023 881 5102; baseline 0.003 -16"><span class='ocrx_word' id='word_1_528' title='bbox 132 5037 289 5088; x_wconf 71' lang='lat' dir='ltr'><strong>Manifestum</strong></span> <span class='ocrx_word' id='word_1_529' title='bbox 309 5041 348 5090; x_wconf 84' lang='lat' dir='ltr'><strong>est</strong></span> <span class='ocrx_word' id='word_1_530' title='bbox 371 5038 526 5090; x_wconf 79' lang='lat' dir='ltr'><strong>Aristotelem</strong></span> <span class='ocrx_word' id='word_1_531' title='bbox 547 5023 677 5102; x_wconf 71' lang='lat' dir='ltr'><strong>nteltigere</strong></span> <span class='ocrx_word' id='word_1_532' title='bbox 697 5038 789 5102; x_wconf 82' lang='lat' dir='ltr'><strong>aliquid</strong></span> <span class='ocrx_word' id='word_1_533' title='bbox 809 5051 881 5102; x_wconf 77' lang='lat' dir='ltr'><strong>sopra</strong></span> 
     </span>
     <span class='ocr_line' id='line_1_82' title="bbox 100 5125 882 5191; baseline 0.004 -18"><span class='ocrx_word' id='word_1_534' title='bbox 100 5125 249 5177; x_wconf 80' lang='lat' dir='ltr'><strong>intellectum</strong></span> <span class='ocrx_word' id='word_1_535' title='bbox 266 5126 292 5176; x_wconf 86' lang='lat' dir='ltr'><strong>ci</strong></span> <span class='ocrx_word' id='word_1_536' title='bbox 309 5126 468 5177; x_wconf 74' lang='lat' dir='ltr'><strong>subeuntium</strong></span> <span class='ocrx_word' id='word_1_537' title='bbox 484 5140 516 5178; x_wconf 80' lang='lat' dir='ltr'><strong>es</strong></span> <span class='ocrx_word' id='word_1_538' title='bbox 533 5126 573 5176; x_wconf 86' lang='lat' dir='ltr'><strong>bis</strong></span> <span class='ocrx_word' id='word_1_539' title='bbox 583 5139 639 5191; x_wconf 73' lang='lat' dir='ltr'><strong>qum</strong></span> <span class='ocrx_word' id='word_1_540' title='bbox 654 5126 679 5178; x_wconf 86' lang='lat' dir='ltr'><strong>ia</strong></span> <span class='ocrx_word' id='word_1_541' title='bbox 701 5126 766 5177; x_wconf 74' lang='lat' dir='ltr'><strong>etha</strong></span> <span class='ocrx_word' id='word_1_542' title='bbox 778 5125 834 5177; x_wconf 81' lang='lat' dir='ltr'><strong>libri</strong></span> <span class='ocrx_word' id='word_1_543' title='bbox 851 5127 882 5176; x_wconf 83' lang='lat' dir='ltr'><strong>de</strong></span> 
     </span>
     <span class='ocr_line' id='line_1_83' title="bbox 102 5211 881 5276; baseline -0.003 -13"><span class='ocrx_word' id='word_1_544' title='bbox 102 5214 243 5264; x_wconf 74' lang='lat' dir='ltr'><strong>Proeatione</strong></span> <span class='ocrx_word' id='word_1_545' title='bbox 257 5211 338 5264; x_wconf 75' lang='lat' dir='ltr'><strong>dixit:</strong></span> <span class='ocrx_word' id='word_1_546' title='bbox 353 5233 366 5258; x_wconf 75' lang='grc' dir='ltr'>ι</span> <span class='ocrx_word' id='word_1_547' title='bbox 384 5215 451 5264; x_wconf 85' lang='lat' dir='ltr'><strong>Deus</strong></span> <span class='ocrx_word' id='word_1_548' title='bbox 467 5215 505 5265; x_wconf 89' lang='lat' dir='ltr'><strong>est</strong></span> <span class='ocrx_word' id='word_1_549' title='bbox 517 5213 569 5264; x_wconf 85' lang='lat' dir='ltr'><strong>sire</strong></span> <span class='ocrx_word' id='word_1_550' title='bbox 588 5214 723 5266; x_wconf 86' lang='lat' dir='ltr'><strong>intellectus</strong></span> <span class='ocrx_word' id='word_1_551' title='bbox 736 5215 779 5265; x_wconf 83' lang='lat' dir='ltr'><strong>aut</strong></span> <span class='ocrx_word' id='word_1_552' title='bbox 792 5211 881 5276; x_wconf 84' lang='lat' dir='ltr'><strong>aliquid</strong></span> 
     </span>
     <span class='ocr_line' id='line_1_84' title="bbox 102 5300 366 5354; baseline 0.015 -4"><span class='ocrx_word' id='word_1_553' title='bbox 102 5300 165 5352; x_wconf 82' lang='lat' dir='ltr'><strong>ultra</strong></span> <span class='ocrx_word' id='word_1_554' title='bbox 178 5302 336 5354; x_wconf 83' lang='lat' dir='ltr'><strong>intellectum.</strong></span> <span class='ocrx_word' id='word_1_555' title='bbox 352 5322 366 5346; x_wconf 73' lang='grc' dir='ltr'>ν</span> 
     </span>
    </p>
   </div>
   <div class='ocr_carea' id='block_1_20' title="bbox 935 4069 1732 4592">
    <p class='ocr_par' dir='ltr' id='par_1_21' title="bbox 935 4069 1732 4592">
     <span class='ocr_line' id='line_1_85' title="bbox 976 4069 1715 4152; baseline 0.003 -22"><span class='ocrx_word' id='word_1_556' title='bbox 976 4072 1083 4133; x_wconf 86' lang='lat' dir='ltr'><strong>Joann.</strong></span> <span class='ocrx_word' id='word_1_557' title='bbox 1098 4071 1181 4132; x_wconf 83' lang='lat' dir='ltr'><strong>Siob.</strong></span> <span class='ocrx_word' id='word_1_558' title='bbox 1198 4070 1300 4131; x_wconf 87' lang='lat' dir='ltr'><strong>Floril.</strong></span> <span class='ocrx_word' id='word_1_559' title='bbox 1316 4073 1365 4144; x_wconf 84' lang='grc'><strong>86,</strong></span> <span class='ocrx_word' id='word_1_560' title='bbox 1382 4080 1419 4138; x_wconf 76' lang='lat' dir='ltr'><strong>at</strong></span> <span class='ocrx_word' id='word_1_561' title='bbox 1435 4093 1442 4128; x_wconf 79' lang='grc' dir='ltr'>ι</span> <span class='ocrx_word' id='word_1_562' title='bbox 1456 4069 1508 4131; x_wconf 83' lang='grc' dir='ltr'><strong>Ἐκ</strong></span> <span class='ocrx_word' id='word_1_563' title='bbox 1522 4076 1568 4130; x_wconf 78' lang='grc' dir='ltr'><strong>τοῦ</strong></span> <span class='ocrx_word' id='word_1_564' title='bbox 1588 4070 1715 4152; x_wconf 79' lang='grc' dir='ltr'>Ἀριστο-</span> 
     </span>
     <span class='ocr_line' id='line_1_86' title="bbox 936 4155 1716 4238; baseline 0 -20"><span class='ocrx_word' id='word_1_565' title='bbox 936 4159 1026 4225; x_wconf 67' lang='lat' dir='ltr'><strong>eston</strong></span> <span class='ocrx_word' id='word_1_566' title='bbox 1046 4157 1106 4238; x_wconf 78' lang='grc' dir='ltr'>περὶ</span> <span class='ocrx_word' id='word_1_567' title='bbox 1133 4157 1284 4237; x_wconf 84' lang='grc' dir='ltr'>Εὐγενείας.</span> <span class='ocrx_word' id='word_1_568' title='bbox 1310 4155 1401 4225; x_wconf 85' lang='grc' dir='ltr'>Ὅλως</span> <span class='ocrx_word' id='word_1_569' title='bbox 1423 4159 1484 4238; x_wconf 79' lang='grc' dir='ltr'>περὶ</span> <span class='ocrx_word' id='word_1_570' title='bbox 1505 4158 1635 4237; x_wconf 74' lang='grc' dir='ltr'>εὐγενείας</span> <span class='ocrx_word' id='word_1_571' title='bbox 1664 4158 1716 4236; x_wconf 78' lang='grc' dir='ltr'><strong>ἐγὼ</strong></span> 
     </span>
     <span class='ocr_line' id='line_1_87' title="bbox 936 4245 1716 4329; baseline -0.003 -22"><span class='ocrx_word' id='word_1_572' title='bbox 936 4252 1044 4329; x_wconf 79' lang='grc' dir='ltr'>ἀπορῶ,</span> <span class='ocrx_word' id='word_1_573' title='bbox 1062 4248 1135 4315; x_wconf 81' lang='grc' dir='ltr'>τίνες</span> <span class='ocrx_word' id='word_1_574' title='bbox 1147 4245 1200 4327; x_wconf 70' lang='grc' dir='ltr'><strong>χρὴ</strong></span> <span class='ocrx_word' id='word_1_575' title='bbox 1223 4249 1314 4305; x_wconf 79' lang='grc' dir='ltr'>καλεῖν</span> <span class='ocrx_word' id='word_1_576' title='bbox 1328 4245 1389 4315; x_wconf 80' lang='grc' dir='ltr'>τοῦς</span> <span class='ocrx_word' id='word_1_577' title='bbox 1410 4247 1528 4328; x_wconf 81' lang='grc' dir='ltr'>εῦγενεῖς.</span> <span class='ocrx_word' id='word_1_578' title='bbox 1545 4281 1582 4293; x_wconf 91' lang='grc'>-</span> <span class='ocrx_word' id='word_1_579' title='bbox 1599 4246 1716 4316; x_wconf 78' lang='grc' dir='ltr'>Είκότιος</span> 
     </span>
     <span class='ocr_line' id='line_1_88' title="bbox 935 4333 1719 4416; baseline 0.003 -22"><span class='ocrx_word' id='word_1_580' title='bbox 935 4359 975 4415; x_wconf 81' lang='grc' dir='ltr'><strong>γε,</strong></span> <span class='ocrx_word' id='word_1_581' title='bbox 987 4333 1062 4416; x_wconf 77' lang='grc' dir='ltr'>ἔφην,</span> <span class='ocrx_word' id='word_1_582' title='bbox 1076 4340 1154 4394; x_wconf 84' lang='grc' dir='ltr'>τοῦτο</span> <span class='ocrx_word' id='word_1_583' title='bbox 1168 4333 1200 4394; x_wconf 85' lang='grc' dir='ltr'><strong>οῦ</strong></span> <span class='ocrx_word' id='word_1_584' title='bbox 1215 4335 1357 4416; x_wconf 80' lang='grc' dir='ltr'>διαπορῶν.</span> <span class='ocrx_word' id='word_1_585' title='bbox 1372 4336 1427 4396; x_wconf 82' lang='grc' dir='ltr'><strong>Καὶ</strong></span> <span class='ocrx_word' id='word_1_586' title='bbox 1440 4336 1491 4416; x_wconf 79' lang='grc' dir='ltr'><strong>γδρ</strong></span> <span class='ocrx_word' id='word_1_587' title='bbox 1504 4335 1577 4416; x_wconf 68' lang='grc' dir='ltr'><strong>παρὰ</strong></span> <span class='ocrx_word' id='word_1_588' title='bbox 1589 4341 1641 4397; x_wconf 83' lang='grc' dir='ltr'>τῶν</span> <span class='ocrx_word' id='word_1_589' title='bbox 1655 4339 1719 4396; x_wconf 82' lang='grc' dir='ltr'>πολ·</span> 
     </span>
     <span class='ocr_line' id='line_1_89' title="bbox 937 4422 1732 4506; baseline 0 -23"><span class='ocrx_word' id='word_1_590' title='bbox 937 4425 991 4483; x_wconf 79' lang='grc' dir='ltr'>λῶν</span> <span class='ocrx_word' id='word_1_591' title='bbox 1013 4422 1059 4481; x_wconf 80' lang='grc' dir='ltr'><strong>καὶ</strong></span> <span class='ocrx_word' id='word_1_592' title='bbox 1075 4425 1175 4500; x_wconf 77' lang='grc' dir='ltr'>μᾶλλον</span> <span class='ocrx_word' id='word_1_593' title='bbox 1198 4422 1272 4503; x_wconf 72' lang='grc' dir='ltr'>παρὰ</span> <span class='ocrx_word' id='word_1_594' title='bbox 1287 4427 1339 4483; x_wconf 80' lang='grc' dir='ltr'>τῶν</span> <span class='ocrx_word' id='word_1_595' title='bbox 1362 4428 1449 4506; x_wconf 75' lang='grc' dir='ltr'>σοφῶν</span> <span class='ocrx_word' id='word_1_596' title='bbox 1463 4423 1496 4482; x_wconf 74' lang='grc' dir='ltr'><strong>τὰ</strong></span> <span class='ocrx_word' id='word_1_597' title='bbox 1512 4423 1560 4500; x_wconf 72' lang='grc' dir='ltr'>μὲν</span> <span class='ocrx_word' id='word_1_598' title='bbox 1581 4423 1732 4506; x_wconf 54' lang='lat' dir='ltr'><strong>disperdo-¹</strong></span> 
     </span>
     <span class='ocr_line' id='line_1_90' title="bbox 937 4508 1718 4592; baseline 0.003 -24"><span class='ocrx_word' id='word_1_599' title='bbox 937 4511 1021 4568; x_wconf 76' lang='grc' dir='ltr'>’.εἷται</span> <span class='ocrx_word' id='word_1_600' title='bbox 1037 4508 1070 4568; x_wconf 73' lang='grc' dir='ltr'><strong>τὰ</strong></span> <span class='ocrx_word' id='word_1_601' title='bbox 1094 4511 1116 4568; x_wconf 81' lang='grc' dir='ltr'><strong>δ’</strong></span> <span class='ocrx_word' id='word_1_602' title='bbox 1130 4513 1160 4568; x_wconf 81' lang='grc' dir='ltr'><strong>οὐ</strong></span> <span class='ocrx_word' id='word_1_603' title='bbox 1180 4509 1285 4587; x_wconf 80' lang='grc' dir='ltr'>λίγετσι</span> <span class='ocrx_word' id='word_1_604' title='bbox 1302 4513 1409 4590; x_wconf 67' lang='lat' dir='ltr'><strong>capite,</strong></span> <span class='ocrx_word' id='word_1_605' title='bbox 1436 4508 1510 4579; x_wconf 66' lang='lat' dir='ltr'><strong>etti&lt;</strong></span> <span class='ocrx_word' id='word_1_606' title='bbox 1535 4511 1569 4570; x_wconf 77' lang='lat' dir='ltr'><strong>rit</strong></span> <span class='ocrx_word' id='word_1_607' title='bbox 1587 4513 1648 4592; x_wconf 79' lang='lat' dir='ltr'><strong>napi</strong></span> <span class='ocrx_word' id='word_1_608' title='bbox 1671 4516 1718 4584; x_wconf 75' lang='grc' dir='ltr'><strong>τῆς</strong></span> 
     </span>
    </p>
   </div>
   <div class='ocr_carea' id='block_1_21' title="bbox 1202 4720 1456 4770">
    <p class='ocr_par' dir='ltr' id='par_1_22' title="bbox 1202 4720 1456 4770">
     <span class='ocr_line' id='line_1_91' title="bbox 1202 4720 1456 4770; baseline 0.008 -2"><span class='ocrx_word' id='word_1_609' title='bbox 1202 4721 1243 4768; x_wconf 81' lang='lat' dir='ltr'><strong>DE</strong></span> <span class='ocrx_word' id='word_1_610' title='bbox 1260 4720 1456 4770; x_wconf 70' lang='lat' dir='ltr'><strong>nortliutae,</strong></span> 
     </span>
    </p>
   </div>
   <div class='ocr_carea' id='block_1_22' title="bbox 1318 4885 1339 4929">
    <p class='ocr_par' dir='ltr' id='par_1_23' title="bbox 1318 4885 1339 4929">
     <span class='ocr_line' id='line_1_92' title="bbox 1318 4885 1339 4929; baseline 0.048 -1"><span class='ocrx_word' id='word_1_611' title='bbox 1318 4885 1339 4929; x_wconf 87' lang='lat'><strong>1.</strong></span> 
     </span>
    </p>
   </div>
   <div class='ocr_carea' id='block_1_23' title="bbox 859 5040 1719 5370">
    <p class='ocr_par' dir='ltr' id='par_1_24' title="bbox 859 5040 1719 5370">
     <span class='ocr_line' id='line_1_93' title="bbox 970 5040 1719 5107; baseline 0 -17"><span class='ocrx_word' id='word_1_612' title='bbox 970 5043 1008 5091; x_wconf 85' lang='lat' dir='ltr'><strong>De</strong></span> <span class='ocrx_word' id='word_1_613' title='bbox 1019 5040 1141 5091; x_wconf 87' lang='lat' dir='ltr'><strong>nobilitate</strong></span> <span class='ocrx_word' id='word_1_614' title='bbox 1155 5043 1235 5091; x_wconf 85' lang='lat' dir='ltr'><strong>autem</strong></span> <span class='ocrx_word' id='word_1_615' title='bbox 1249 5053 1294 5105; x_wconf 74' lang='lat' dir='ltr'><strong>ego</strong></span> <span class='ocrx_word' id='word_1_616' title='bbox 1307 5040 1377 5105; x_wconf 80' lang='lat' dir='ltr'><strong>plane</strong></span> <span class='ocrx_word' id='word_1_617' title='bbox 1384 5042 1469 5093; x_wconf 88' lang='lat' dir='ltr'><strong>dubito</strong></span> <span class='ocrx_word' id='word_1_618' title='bbox 1479 5056 1598 5107; x_wconf 83' lang='lat' dir='ltr'><strong>quosnam</strong></span> <span class='ocrx_word' id='word_1_619' title='bbox 1609 5045 1719 5105; x_wconf 83' lang='lat' dir='ltr'><strong>oporteat</strong></span> 
     </span>
     <span class='ocr_line' id='line_1_94' title="bbox 938 5128 1715 5195; baseline 0.001 -17"><span class='ocrx_word' id='word_1_620' title='bbox 938 5130 1060 5194; x_wconf 86' lang='lat' dir='ltr'><strong>appellare</strong></span> <span class='ocrx_word' id='word_1_621' title='bbox 1075 5128 1174 5179; x_wconf 86' lang='lat' dir='ltr'><strong>nobiles.</strong></span> <span class='ocrx_word' id='word_1_622' title='bbox 1187 5158 1216 5174; x_wconf 86' lang='lat'><strong>·-</strong></span> <span class='ocrx_word' id='word_1_623' title='bbox 1231 5132 1280 5180; x_wconf 83' lang='lat' dir='ltr'><strong>Nec</strong></span> <span class='ocrx_word' id='word_1_624' title='bbox 1297 5129 1427 5188; x_wconf 85' lang='lat' dir='ltr'><strong>immerito,</strong></span> <span class='ocrx_word' id='word_1_625' title='bbox 1442 5131 1555 5195; x_wconf 83' lang='lat' dir='ltr'><strong>inquam,</strong></span> <span class='ocrx_word' id='word_1_626' title='bbox 1570 5133 1597 5180; x_wconf 88' lang='lat' dir='ltr'><strong>tu</strong></span> <span class='ocrx_word' id='word_1_627' title='bbox 1612 5129 1715 5179; x_wconf 63' lang='lat' dir='ltr'><strong>dubus.</strong></span> 
     </span>
     <span class='ocr_line' id='line_1_95' title="bbox 938 5215 1717 5282; baseline 0.001 -17"><span class='ocrx_word' id='word_1_628' title='bbox 938 5217 999 5265; x_wconf 83' lang='lat' dir='ltr'><strong>Nam</strong></span> <span class='ocrx_word' id='word_1_629' title='bbox 1008 5219 1033 5266; x_wconf 90' lang='lat' dir='ltr'><strong>et</strong></span> <span class='ocrx_word' id='word_1_630' title='bbox 1042 5217 1107 5280; x_wconf 84' lang='lat' dir='ltr'><strong>apud</strong></span> <span class='ocrx_word' id='word_1_631' title='bbox 1120 5216 1206 5281; x_wconf 78' lang='lat' dir='ltr'><strong>vulgus</strong></span> <span class='ocrx_word' id='word_1_632' title='bbox 1220 5217 1318 5281; x_wconf 76' lang='lat' dir='ltr'><strong>elapsu</strong></span> <span class='ocrx_word' id='word_1_633' title='bbox 1331 5218 1450 5282; x_wconf 86' lang='lat' dir='ltr'><strong>sapientes</strong></span> <span class='ocrx_word' id='word_1_634' title='bbox 1459 5217 1570 5281; x_wconf 70' lang='lat' dir='ltr'><strong>qondam</strong></span> <span class='ocrx_word' id='word_1_635' title='bbox 1584 5215 1717 5266; x_wconf 83' lang='lat' dir='ltr'><strong>indubium</strong></span> 
     </span>
     <span class='ocr_line' id='line_1_96' title="bbox 859 5304 1716 5370; baseline 0.005 -20"><span class='ocrx_word' id='word_1_636' title='bbox 859 5358 862 5366; x_wconf 28' lang='grc'>1</span> <span class='ocrx_word' id='word_1_637' title='bbox 938 5305 1056 5354; x_wconf 75' lang='lat' dir='ltr'><strong>rotatur</strong></span> <span class='ocrx_word' id='word_1_638' title='bbox 1069 5306 1093 5354; x_wconf 88' lang='lat' dir='ltr'><strong>et</strong></span> <span class='ocrx_word' id='word_1_639' title='bbox 1105 5304 1276 5368; x_wconf 73' lang='grc' dir='ltr'>ςοσνίιιιιιιοιι</span> <span class='ocrx_word' id='word_1_640' title='bbox 1295 5306 1420 5370; x_wconf 83' lang='lat' dir='ltr'><strong>perspicuo</strong></span> <span class='ocrx_word' id='word_1_641' title='bbox 1435 5304 1716 5356; x_wconf 66' lang='lat' dir='ltr'><strong>incuruiceruicum</strong></span> 
     </span>
    </p>
   </div>
   <div class='ocr_carea' id='block_1_24' title="bbox 0 0 1992 5900">
    <p class='ocr_par' dir='ltr' id='par_1_25' title="bbox 0 0 1992 5900">
     <span class='ocr_line' id='line_1_97' title="bbox 0 0 1992 5900; baseline 0 0"><span class='ocrx_word' id='word_1_642' title='bbox 0 0 1992 5900; x_wconf 95' lang='lat' dir='ltr'><strong> </strong></span> 
     </span>
    </p>
   </div>
  </div>
 </body>
</html>
