3959 5900
238 498 297 558 {98

238 624 342 698 ζικηνδς
355 622 486 703 γνωρίζων
496 619 544 700 μίν
559 616 639 689 αθτήν
653 613 785 697 φαίνεται,
794 613 929 692 ὀλιγωρῶν
938 609 966 669 δί
975 613 1011 677 ὡς

238 715 285 773 ούκ
300 713 424 782 αἰσθητῆς
438 707 531 781 οὔσης,
554 705 597 765 διδ
606 702 636 763 τδ
647 707 754 782 ἀγαπάν
771 702 872 779 μᾶλλον
886 698 934 769 τήν
950 695 1011 777 περὶ

239 802 301 861 αὒτδ
311 799 341 859 τδ
352 799 431 873 μέσον
443 799 472 856 ’ἰν
486 799 524 875 τῷ
535 792 615 853 παντί
627 794 678 850 τῶν
695 791 811 870 σραιρῶν
826 787 912 846 αἰτῶν
927 783 1009 845 θέσιν.

238 890 321 963 Δηλοῖ
334 886 362 946 δί
374 885 441 946 καῖέ
456 883 484 944 Ἀ
494 877 788 964 ριστοτίληςίντοῖς
802 878 929 942 Φυσικοῖς
939 876 1013 954 Προ·

238 974 364 1052 όλήμασι
379 974 553 1052 προσαπορῶν
580 974 638 1036 ταῖς
653 970 704 1025 τῶν
723 962 890 1044 ἀστρολόγων
910 959 1012 1021 ditabi-

238 1086 309 1123 σεσιν
330 1063 359 1121 lx
376 1065 421 1118 τοῦ
440 1058 478 1138 μή
498 1057 543 1117 lun
557 1054 591 1115 τά
614 1052 711 1134 μεγέθη
728 1056 780 1112 τῶν
794 1053 935 1125 πλανητῶν
949 1049 1012 1132 ραί·

239 1154 340 1210 νεαθαι·
359 1146 441 1214 υίίτως
454 1149 483 1205 ού
503 1142 670 1206 παντάπασιν
692 1140 820 1223 ἠρέσκετο
836 1146 894 1204 ταῖς
909 1139 1012 1196 ἀνιλιτ·

240 1235 351 1306 τοόσαις,
372 1232 422 1293 κάν
437 1232 468 1291 τδ
479 1228 652 1312 θμοκέντρους
665 1227 743 1295 οὔσας
755 1230 796 1308 τῷ
812 1223 892 1285 παντί
906 1222 968 1306 πιρί
981 1222 1012 1282 τδ

240 1324 319 1397 μέσον
337 1322 418 1379 αθτοῦ
429 1324 554 1380 κινεῖσθαι
570 1314 716 1396 ἐπηγάγετο
726 1313 817 1376 αθτόν.

567 1481 584 1517 2
608 1456 705 1536 (ιιι).

280 1602 426 1662 Plutarch.
443 1602 485 1660 tte
505 1602 575 1659 facie
594 1603 625 1657 in
645 1596 805 1657 orbelunae
825 1617 847 1656 c,
876 1615 923 1671 19,
950 1614 1010 1651 rr:

241 1692 408 1770 Ἀρίσταρχος
419 1688 445 1748 δὲ
457 1688 504 1759 τήν
515 1687 653 1766 διάμετρον
667 1688 714 1756 τῆς
728 1682 838 1754 σελήνης
850 1681 927 1760 λόγον
940 1681 1014 1762 έχου-

241 1804 288 1840 σαν
305 1777 501 1849 ἀποδείκνυσιν,
519 1774 548 1842 t<
562 1775 677 1834 ε’λάττων
703 1770 749 1850 μὲν
773 1770 791 1842 εἰ,
815 1769 938 1843 ἑξήκοντα
952 1767 1017 1848 πρδς

245 1863 399 1939 δεκαεννέα,
415 1863 512 1943 μείζων
537 1861 566 1922 δέ
586 1885 643 1929 πως
666 1857 759 1919 ίκατδν
779 1855 849 1917 ὀκτὼ
870 1858 935 1938 πρὸς
956 1878 1017 1915 τεσ·

241 1950 390 2033 σαράκοντα
413 1950 473 2032 τρία
495 1950 574 2012 ἰστίν.
596 1948 715 2021 Ὀθενή
739 1945 786 2021 μίν
809 1950 843 2022 γῆ
865 1946 1018 2004 παντάπασι

239 2044 286 2111 τῆς
298 2038 382 2119 όρεως
402 2039 448 2098 τδν
464 2039 538 2111 ήλεον
560 2041 709 2119 ἀφαιρεῖται
725 2035 767 2094 διὰ
784 2033 899 2113 μέγεθος·
910 2032 1014 2111 μεγάλη

242 2128 292 2209 γδιρ
308 2132 325 2200 ή
343 2126 530 2208 ἐπιπρόσθησις
544 2127 588 2186 καί
608 2124 701 2207 χρόνον
722 2122 821 2202 ἔχουσα
843 2122 886 2182 τὸν
906 2125 952 2194 τῆς
968 2144 1015 2179 νυ-

240 2219 315 2284 κτός·
331 2221 347 2288 ἡ
366 2216 394 2275 δὲ
419 2215 517 2288 σελήνη
534 2214 584 2274 κάν
598 2215 657 2274 ὅλον
672 2211 737 2271 ποτὲ
759 2210 850 2293 κρύψη
864 2211 908 2269 τδν
922 2210 1014 2283 ήλιον,

242 2308 289 2365 οθκ
303 2304 359 2384 ἔχει
378 2304 470 2385 χρόνω
484 2301 543 2363 οὐδέ
557 2303 653 2368 πλάτος
675 2306 692 2371 i.
707 2300 835 2380 ἔκλειψις,
850 2298 917 2359 ἀλλὰ
940 2321 1015 2376 περε-

247 2392 367 2473 ραίνεταί
389 2415 428 2458 τις
451 2391 519 2471 αὐγὴ
532 2391 591 2471 περί
606 2389 654 2461 τὴν
673 2388 728 2447 ίτυν
742 2390 790 2448 οὐκ
812 2390 882 2445 ἐῶσα
906 2387 1014 2465 βαθεῖαν

245 2479 365 2556 γενέσθαι
381 2478 428 2551 τήν
450 2478 525 2540 σκιάν
535 2479 580 2536 καὶ
596 2477 722 2557 ἄκρατον.
733 2474 972 2554 Ἀριστοτέλης
988 2471 1017 2531 δί

244 2565 385 2634 δπαλαιδς
406 2566 492 2625 αἰτίαν
512 2570 558 2625 τοῦ
579 2564 717 2629 πλεονάκις
732 2559 779 2632 τήν
798 2561 910 2634 σελήνην
927 2560 1017 2621 ἰκλεί·

242 2678 343 2716 πουσαν
353 2653 371 2725 ἢ
383 2653 426 2712 τδν
451 2653 524 2725 ἥλιον
541 2657 698 2731 καθορᾶσθαι
713 2647 776 2728 πρδς
794 2648 886 2716 ἀλλαις
901 2647 954 2708 τισί
973 2648 1019 2707 καί

247 2746 344 2815 ταύτην
363 2741 533 2803 ἀποδίδωσιν·
548 2739 622 2811 ἥλιον
638 2739 690 2821 γάρ
703 2736 831 2797 ἰκλείπιιν
847 2738 957 2809 σελήνης
971 2740 1016 2794 ἀν·

244 2829 370 2914 τιρράξει,
382 2827 493 2902 σελήνην
508 2827 535 2887 δέ
547 2828 627 2887 *⁴50
639 2827 666 2885 δὲ
683 2824 856 2892 Ποσειδώνιος
868 2825 1020 2905 θρισάμενος

249 2922 394 2988 οθτωςκτί.

565 3059 705 3135 alam).
793 3005 796 3012 ,

284 3211 370 3271 Joan.
391 3207 492 3287 Lydus
510 3208 546 3267 de
566 3208 715 3269 iliensibus
729 3230 755 3267 c.
790 3230 823 3281 7,
842 3228 871 3286 p.
895 3230 931 3284 9²
951 3207 1021 3265 Roo-

247 3299 310 3356 ther
334 3319 341 3354 :
364 3297 453 3377 Τριῶν
467 3295 519 3376 γίιρ
536 3286 603 3355 εἰναι
618 3294 766 3373 λεγομένων
781 3297 832 3353 τῶν
849 3297 896 3364 τῆς
910 3293 1023 3366 σελήνης

248 3386 363 3465 δρόμων,
378 3383 457 3458 ἀξέος,
473 3383 553 3462 μέσον
568 3385 613 3443 καί
630 3382 774 3459 ἀνειμίνου,
790 3382 822 3440 δι’
834 3380 877 3448 ob<
896 3383 942 3441 καί
955 3405 1024 3463 τριο-

246 3476 312 3532 δῖτεν
334 3473 382 3547 τήν
401 3470 518 3546 Ἑκάτην
535 3472 628 3550 (οἱονεί
646 3470 696 3542 ’τήν
717 3469 846 3547 σελήνην)
865 3473 889 3529 ol
912 3470 1019 3543 ποιηταί

247 3563 367 3636 καλοῦσι,
382 3559 465 3640 τρισὶν
479 3561 581 3640 ἑορταῖς
595 3559 638 3617 τὸν
657 3562 728 3634 μῆνα
746 3557 851 3618 διέλαθε
869 3559 900 3638 (θ
914 3560 1024 3637 Νοῶμας

247 3649 374 3729 scil.)...·
398 3648 523 3728 όξυτίραν
548 3648 614 3726 γάρ,
643 3650 678 3715 ὣς
694 3646 929 3726 Ἀριστοτέλης
947 3646 1024 3729 ρησί,

779 480 1023 544 ARISTOTELlS
1044 476 1291 541 FRAGMENTA.

1387 613 1404 674 ι
1429 606 1521 682 (³17).

1104 752 1253 811 Plutarch.
1280 752 1323 808 De
1336 750 1433 829 primo
1449 750 1555 826 frigido
1574 769 1599 807 c.
1627 769 1660 808 11
1679 771 1687 807 ι
1704 751 1763 811 Καὶ
1779 754 1843 829 μήν,

1066 832 1189 891 ἁπάντων
1213 853 1244 908 γε
1273 833 1325 888 τῶν
1354 830 1499 909 γινομένων
1527 828 1578 889 διεδ
1592 828 1770 909 ιιψυχρότητος
1794 837 1846 901 τοῖς

1066 919 1172 998 σώμασι
1195 916 1368 998 σφοδρότατον
1388 916 1433 977 καί
1454 916 1603 996 βιαιότατον
1626 919 1644 987 ἡ
1667 915 1746 989 πῆξις
1768 910 1846 997 οὖσα,

1067 1009 1148 1074 πάθος
1160 1007 1209 1084 μέν
1227 1007 1297 1065 ἰστιν
1317 1003 1421 1077 ὕδατος,
1432 1004 1506 1084 ἔργον
1519 1005 1541 1063 δ’
1557 1001 1640 1082 ἀέρος·
1653 1005 1718 1064 atti
1730 1005 1781 1081 μὲν
1796 1008 1846 1088 γὰρ

1068 1095 1127 1155 καθ’
1154 1093 1235 1153 ἕαυτδ
1259 1093 1290 1151 τδ
1319 1091 1389 1171 ὕδωρ
1416 1090 1567 1171 εὐδιάχυτον
1594 1092 1641 1150 καὶ
1665 1094 1768 1171 ἀπαγὶς
1802 1097 1846 1154 καὶ
1937 1095 1939 1098 ’

1066 1182 1211 1244 ἀσύστατόν
1237 1185 1327 1254 tono,
1347 1180 1487 1240 ίντείνεται
1512 1179 1540 1239 δὲ
1568 1178 1615 1239 καί
1637 1178 1781 1252 συνάγεται
1807 1184 1845 1259 τῷ

1066 1272 1124 1353 ἀέρι
1138 1270 1309 1352 σφιγγόμενον
1323 1268 1374 1330 tab
1391 1269 1592 1350 ψυχρότητος...
1616 1269 1670 1330 Καὶ
1688 1270 1768 1341 δῆλόν
1791 1274 1844 1328 ι’στι

1071 1362 1187 1440 μάλιστα
1207 1359 1268 1437 περί
1290 1357 1337 1424 τάς
1356 1356 1456 1436 χιόνας·
1485 1354 1551 1436 ἀίρα
1577 1355 1629 1437 γάρ
1655 1358 1776 1434 μεθεῖσαι
1799 1359 1844 1417 καὶ

1071 1446 1320 1530 προαναπνεύσασαι
1340 1446 1434 1506 λεπτδν
1451 1445 1497 1505 καί
1511 1445 1623 1526 ψυχρόν,
1646 1444 1715 1503 οὕτω
1731 1445 1841 1525 ῥέουσιν.

1067 1535 1302 1617 Ἀριστοτέλης
1322 1535 1350 1594 δέ
1365 1533 1465 1601 καίτθς
1477 1533 1573 1602 ἀκόνας
1592 1537 1639 1592 τοῦ
1657 1532 1785 1611 μολίόδοο
1799 1536 1844 1605 τί,-

1068 1626 1158 1687 κισθαί
1172 1647 1237 1704 φησι
1253 1623 1297 1681 καὶ
1314 1625 1366 1701 ῥεῖν
1385 1623 1436 1682 ὑπὸ
1448 1620 1541 1700 κρύους
1557 1621 1603 1680 καὶ
1619 1625 1762 1700 χειμῶνος,
1776 1622 1841 1680 ὕδα-

1070 1738 1113 1782 τος
1126 1714 1205 1789 μόνου
1229 1709 1414 1782 πλησιάζοντος
1427 1712 1532 1777 αιίταῑς·
1555 1710 1608 1769 ὁδ’
1623 1709 1685 1788 ἀήρ,
1706 1713 1744 1776 ὼς
1764 1712 1841 1782 ἔοικε,

1071 1801 1235 1862 συνελαύνων
1247 1799 1280 1859 τά
1292 1795 1404 1874 σώματα
1418 1821 1451 1878 τη
1462 1797 1791 1878 ψυχρότητι,καταθραίει
1799 1799 1842 1856 καί

1139 1912 1207 1950 υσεν.

1073 1891 1843 2037 llllonmultumlucisobscurissimolocoalsnndirur

1071 2087 1087 2126 e
1103 2067 1192 2125 simili
1206 2065 1272 2125 luco
1282 2064 1361 2144 apud
1373 2062 1569 2132 Plutarchum,
1590 2080 1608 2119 a
1622 2059 1774 2138 Xylandro
1785 2061 1844 2139 jam

1071 2156 1187 2227 collato,
1195 2153 1312 2223 Qumtt
1327 2150 1504 2219 convinit,
1521 2151 1577 2221 8,6
1593 2147 1675 2209 εὍτι
1684 2149 1713 2206 δὲ
1725 2148 1757 2209 τδ
1771 2149 1846 2229 ixdi-

1071 2248 1164 2322 χεσθαι
1180 2243 1210 2300 οὗ
1223 2240 1337 2319 πήγνυσι
1352 2238 1440 2315 μόνον,
1455 2236 1524 2297 ἀλλά
1538 2238 1583 2296 καί
1597 2237 1672 2307 τήκει
1685 2235 1719 2293 τά
1733 2237 1845 2312 σώματα

1071 2330 1149 2402 δῆλόν
1176 2331 1254 2388 ἐστιν’
1282 2331 1309 2387 ἀν
1333 2330 1381 2405 μίν
1403 2325 1455 2406 γάρ
1478 2333 1531 2392 τοῖς
1560 2325 1684 2402 μεγάλοις
1711 2327 1841 2402 χειμῶσιν

1072 2417 1163 2479 ἀκόναι
1183 2415 1308 2494 μολίόδου
1332 2415 1536 2489 διατηκόμεναι,
1561 2411 1593 2471 τό
1612 2435 1641 2471 τε
1655 2415 1703 2482 τῆς
1728 2413 1846 2492 ἀριδρώ.
1954 2446 1955 2451 ,

1075 2530 1153 2580 σίωίν
1175 2503 1221 2565 ’‘“l
1244 2502 1275 2563 τί)
1296 2503 1403 2568 “illido
1424 2500 1462 2577 μή
1486 2502 1594 2562 πιινῶοι
1618 2500 1779 2576 συμπίπτειν
1802 2500 1846 2570 τήν
1954 2502 1955 2565 ᾗ

1073 2593 1249 2675 βουλιμίασιν,
1263 2599 1403 2669 κατηγορεῖ
1418 2591 1518 2665 μᾶλλον
1533 2585 1694 2669 [ἀραίωσιν]
1718 2589 1764 2647 καί
1777 2588 1845 2669 ῥύσιν

1075 2682 1093 2753 ἢ
1107 2683 1240 2741 πύκνωσιν
1250 2685 1296 2740 τοῦ
1311 2679 1445 2756 σώματος.

1115 2769 1160 2830 ct.
1186 2769 1406 2830 Pseudo-Arist.
1431 2766 1537 2827 illirab.
1559 2765 1689 2825 Auscult.
1720 2789 1749 2827 c.
1775 2767 1811 2822 50
1837 2791 1843 2822 :

1077 2857 1132 2918 Τὸν
1157 2857 1311 2936 κασσίτερον
1332 2856 1376 2914 τὸν
1392 2854 1520 2916 Κελτικόν
1544 2852 1669 2925 τήκεσθαί
1694 2870 1759 2933 φασι
1782 2851 1845 2911 πολὺ

1075 2943 1166 3025 τάχιον
1192 2942 1328 3021 μολίόδου.
1348 2945 1463 3019 Σημεῖόν
1484 2939 1512 3000 δέ
1532 2943 1577 3011 τ’ής
1598 2938 1717 3012 εδτηξίας
1738 2939 1778 2998 δτι
1799 2939 1845 3010 τή·

1076 3037 1168 3092 κεσθαι
1177 3035 1249 3092 δοκεῖ
1260 3032 1306 3091 καί
1325 3033 1352 3090 ἓν
1371 3034 1409 3110 τῷ
1423 3029 1508 3089 ὕδατι·
1526 3028 1622 3108 χρώζει
1634 3035 1705 3105 γοῦν,
1719 3030 1755 3093 ὡς
1770 3028 1844 3096 ἔοικε,

1076 3120 1158 3200 ταχύ.
1176 3119 1295 3191 Τήκεται
1317 3119 1400 3178 δὲκαὶ
1415 3122 1442 3178 ἐν
1461 3124 1514 3184 τοῖς
1527 3116 1651 3197 ψύχεσιν,
1662 3115 1726 3174 όταν
1742 3120 1845 3195 γένηται

1076 3210 1161 3286 πάγη,
1177 3205 1428 3286 ἰγκατακλειομίνου
1442 3204 1520 3278 ἀντός,
1530 3202 1565 3272 ῶς
1576 3226 1652 3285 ρασε,
1665 3204 1710 3264 καί
1720 3209 1845 3264 συνωθου-

1076 3296 1155 3374 μίνου
1177 3301 1222 3354 τοῦ
1242 3298 1337 3374 θερμοῦ
1356 3299 1401 3354 τοῦ
1424 3294 1614 3372 ἰνιιπάρχοντος
1638 3293 1710 3374 αὐτῷ
1736 3291 1780 3352 διὰ
1801 3290 1845 3362 τήν

1078 3386 1223 3445 ἀσθένειαν.

1375 3482 1379 3488 ’
1400 3514 1417 3571 5
1441 3469 1539 3589 (νισι.

1118 3651 1267 3713 Plutarch.
1282 3653 1388 3723 Quaest.
1403 3654 1521 3712 couviv.
1548 3650 1597 3728 Vl,
1615 3652 1644 3723 5,
1667 3652 1714 3727 §1
1741 3641 1750 3709 ⁴:
1772 3650 1847 3712 Ἀλλθ

251 3741 365 3797 ποιεῖται
388 3738 435 3809 τὴν
457 3736 563 3815 πορείαν
593 3734 641 3808 τήν
655 3734 719 3817 πρδς
737 3739 776 3816 τῷ
799 3738 940 3815 χειμερινῷ
962 3757 1028 3815 τρο·
1080 3740 1132 3818 μὴν
1158 3741 1217 3821 περὶ
1231 3743 1283 3799 τῶν
1297 3740 1430 3822 χαλίκων,
1445 3739 1526 3820 ἔρην,
1542 3735 1559 3805 ἢ
1575 3741 1626 3797 τῶν
1649 3738 1787 3816 ἀκμόνων,
1807 3738 1849 3802 οὓς

252 3826 331 3905 πικῷ,
349 3826 509 3905 βραδυτέραν
525 3823 554 3884 δί
564 3823 612 3895 τήν
632 3825 696 3907 πρδς
710 3828 747 3906 τῷ
761 3827 865 3905 θερινῷ,
876 3823 980 3902 ὁμαλήν
999 3823 1026 3883 di

248 3914 296 3985 τὴν
306 3913 370 3994 πρδς
379 3917 418 3994 τῷ
432 3915 585 3992 ἰσημερινῷ.

248 4159 341 4206 temet
358 4154 501 4205 Aristoteles
521 4167 599 4217 quum
620 4155 645 4203 iu
667 4153 822 4204 naturalibus
845 4153 1023 4216 quostiooibus

250 4244 281 4294 de
295 4244 471 4309 astrologorum
483 4243 690 4308 suppositionibus
703 4244 868 4294 dubitationes
879 4247 986 4309 moreat,
995 4259 1024 4296 ea

251 4332 283 4380 do
297 4344 372 4381 causa
387 4331 456 4394 qnod
476 4344 525 4380 non
539 4330 648 4393 mqualos
661 4331 793 4393 appareant
807 4330 960 4393 planetarum
970 4345 1022 4381 ma·

249 4415 396 4481 mitudioos.
413 4419 510 4467 Itanon
528 4418 658 4466 mntootus
675 4415 722 4465 tuit
736 4415 922 4478 resolventibus,
936 4431 1022 4481 qnam·

251 4504 288 4554 ris
299 4503 344 4553 sibi
353 4504 379 4552 in
389 4503 498 4554 animum
509 4502 642 4564 induxerit,
653 4517 737 4552 omnes
750 4502 814 4552 idom
827 4507 938 4554 oentmm
947 4519 1023 4569 quam

252 4590 392 4640 uniuersum
405 4590 523 4640 babentm
537 4590 630 4640 nircum
644 4591 697 4652 ejus
704 4589 813 4641 modium
825 4593 926 4643 morari.

625 4755 648 4798 θ.

284 4905 427 4956 Aristoteles
439 4919 498 4956 roro
515 4908 631 4970 antiquus
643 4908 693 4969 illo,
710 4922 756 4958 rur
766 4910 825 4960 luna
840 4909 938 4973 suptus,
952 4921 1027 4971 quam

255 4995 291 5046 sol
301 4995 405 5047 delirare
420 4998 543 5057 comatur,
556 5009 656 5048 oausam
667 4997 732 5049 inter
747 4997 807 5050 alias
820 4998 894 5050 etiam
908 4997 971 5048 liano
981 5010 1027 5061 po·

255 5084 318 5143 suit.
340 5083 407 5150 quod
429 5084 468 5136 sol
485 5084 552 5134 lusu
575 5083 704 5149 mterjootu
723 5087 876 5146 obscuretur.
895 5084 954 5136 luna
970 5098 1029 5137 roro

256 5172 369 5230 (lacuna
387 5176 415 5224 iro
430 5173 487 5225 coo.
510 5174 549 5223 εἰσ
566 5173 695 5237 explenda
710 5177 815 5227 uidetur
836 5175 946 5232 :terrm¹
970 5185 1028 5236 qum

257 5274 332 5322 quom
344 5262 421 5313 multo
437 5262 513 5327 major
524 5260 557 5314 sit
572 5261 663 5326 sapius
674 5262 741 5315 iliam
754 5261 904 5325 obscurari).

1081 3827 1256 3905 ίμόάλλοντες
1277 3830 1312 3895 εἰς
1335 3828 1365 3887 τδ
1387 3827 1465 3907 ὕδωρ,
1481 3825 1574 3907 ψύχειν
1594 3825 1658 3886 αὗτδ
1672 3826 1718 3885 καί
1739 3831 1848 3904 στομοῦν

1084 3917 1213 3987 δοκοῦσιν,
1239 3914 1374 3994 εἰρημένον
1398 3914 1639 3994 ’λριστοτέλεη
1668 3915 1845 3992 μνημονεύεις.

1454 4162 1477 4206 3.

1110 4281 1268 4339 Ceioniorum,
1289 4283 1317 4330 ut
1329 4280 1364 4330 ait
1380 4280 1536 4342 Aristoteles,
1555 4279 1655 4331 oonticit
1672 4294 1774 4330 cursum
1794 4280 1849 4329 luna

1079 4370 1174 4419 circum
1186 4367 1320 4420 solstitium
1335 4367 1481 4430 hibernum,
1498 4367 1632 4418 tardiorem
1647 4367 1712 4417 circa
1728 4369 1848 4425 astitum,

1079 4456 1224 4520 aquabilom
1233 4456 1299 4506 circa
1309 4455 1494 4520 aeqniuomium.

1452 4564 1476 4611 ἰ.

1110 4673 1252 4725 Aristoteles
1274 4673 1349 4725 etiam
1368 4675 1436 4723 ostes
1459 4671 1555 4735 plumbi
1573 4670 1699 4735 eolbqnsn
1717 4672 1803 4723 scribit
1821 4684 1847 4720 ar

1085 4761 1162 4812 nuere
1175 4773 1227 4824 pru
1236 4759 1290 4824 gelo
1300 4764 1327 4812 ει
1339 4760 1426 4822 bieme,
1445 4759 1495 4810 sola
1507 4772 1571 4823 aqna
1588 4758 1728 4810 εοεεθειιιε.
1738 4763 1789 4810 aar
1804 4771 1847 4808 su·

1081 4854 1142 4911 tom,
1154 4853 1183 4901 ut
1196 4855 1304 4915 apparot,
1317 4852 1382 4916 cogit
1393 4862 1495 4915 mrpora
1509 4848 1606 4914 nigore,
1619 4848 1702 4913 itaquo
1713 4848 1848 4914 dissipatu

1081 4940 1181 5004 rumpit.

1451 5059 1477 5103 θ.

1113 5172 1256 5232 Enimvero,
1275 5169 1387 5232 inquam,
1408 5168 1440 5220 da
1460 5168 1551 5234 lapillis
1572 5171 1598 5221 et
1617 5170 1762 5234 incudibus,
1783 5168 1848 5232 qood

1082 5262 1144 5314 dixit
1157 5260 1307 5322 Aristoteles,
1317 5259 1348 5310 iis
1357 5259 1451 5323 iujootis
1460 5274 1549 5325 apuam
1567 5260 1704 5326 roronem·
1717 5265 1743 5313 ει
1753 5260 1843 5312 durari
