3959 5900
807 760 1021 818 PnAEFtTtu.
1537 784 1576 821 vn
1673 752 1679 771 ⁸

259 896 414 994 losophi,
439 896 515 991 ejus
539 899 741 968 testimonio
762 898 877 969 multo
907 898 1118 996 ampliorem
1142 897 1306 987 indicari,
1328 924 1436 993 quam
1463 901 1578 997 qualis

257 1018 355 1116 apud
385 1021 623 1119 Hermippum
654 1021 757 1116 cujus
785 1026 998 1093 auctoritate
1028 1024 1157 1093 nititur
1186 1021 1289 1094 index
1316 1025 1379 1118 qui
1408 1038 1461 1093 est
1479 1024 1576 1120 apud

257 1143 452 1240 Diogenem
478 1145 658 1216 Laeitium
683 1158 720 1216 et
743 1147 982 1240 anonymum,
1011 1143 1189 1216 iudicatus
1211 1159 1297 1216 erat.
1320 1145 1427 1233 Quod
1457 1160 1576 1217 tamen

256 1265 355 1337 haud
368 1267 417 1338 ita
430 1266 747 1355 dictumvelim‚ac
759 1267 896 1339 sihunc
909 1268 1027 1364 ipsum
1038 1293 1229 1340 numerum
1242 1269 1337 1339 mille
1350 1269 1576 1339 voluminum

255 1410 323 1484 pro
341 1406 427 1460 vero
446 1404 555 1487 atque
567 1393 707 1462 sincero
724 1389 973 1487 accipiendum
1003 1414 1079 1461 esse
1098 1415 1277 1461 censeam.
1301 1396 1399 1478 Quot
1418 1390 1499 1461 libri
1521 1412 1577 1462 re·
1639 1454 1642 1458 Α

237 1536 336 1583 >vera
352 1512 399 1584 ab
417 1515 603 1586 Aristotele
618 1514 813 1613 conscripti
836 1514 907 1584 sint
926 1514 1091 1608 ignorare
1117 1539 1174 1586 me
1190 1513 1293 1585 facile
1313 1515 1448 1611 patior,
1469 1514 1575 1584 dum-

257 1635 367 1707 modo
378 1635 450 1709 hoc
463 1662 578 1709 unum
593 1636 815 1709 concedatur
828 1636 864 1706 in
879 1635 997 1707 indice
1007 1637 1174 1732 Diogenis
1190 1638 1317 1709 Laertii
1331 1652 1368 1708 et
1384 1624 1573 1731 Anonymi,

141 1796 144 1801 >
253 1758 356 1853 eujus
376 1758 555 1831 librorum
573 1784 714 1831 summa
732 1760 893 1857 proxime
915 1757 1172 1830 adnumerum
1199 1784 1307 1855 quem
1330 1760 1397 1855 ipsi
1417 1758 1575 1831 indicant

253 1880 402 1966 accedit,
423 1881 769 1978 quadringentorum
790 1882 924 1955 scilicet
944 1883 1183 1971 voluminum,
1203 1906 1433 1979 nequaquam
1452 1884 1573 1955 omnin

254 2003 462 2102 philosophi
475 2007 607 2103 scripta
625 2006 814 2076 contineri.
883 2075 885 2078 Α
941 2072 970 2079 ,.

301 2127 376 2198 Alia
393 2142 447 2198 est
460 2128 611 2225 quaestio
633 2150 716 2198 cum
730 2126 799 2198 hac
820 2129 1016 2199 arctissime
1030 2128 1223 2223 conjuncta
1239 2151 1304 2199 nec
1327 2130 1446 2198 minus
1460 2131 1573 2226 impc-

251 2248 339 2321 dita.
369 2249 458 2336 Quis
487 2251 582 2321 enim
614 2263 734 2346 speret
762 2272 800 2320 se
826 2249 910 2319 satis
923 2249 1175 2346 perspicacem
1200 2249 1298 2336 sore,
1335 2265 1374 2320 ut
1405 2268 1573 2344 germana

251 2388 288 2443 et
308 2373 535 2470 supposititia
555 2371 752 2443 Aristotelis
769 2372 914 2469 scripta,
936 2370 1057 2467 qualia
1073 2371 1147 2467 jam
1174 2373 1210 2442 in
1229 2374 1443 2469 antiquitate
1462 2375 1572 2445 multa

252 2495 358 2566 luisse
381 2519 449 2594 pro
471 2510 571 2569 certo
595 2493 728 2584 habeo,
752 2492 955 2567 discernere
988 2494 1104 2565 valeat
1129 2522 1137 2564 ε
1162 2496 1229 2565 nisi
1256 2498 1284 2566 si
1313 2497 1395 2594 quis
1421 2497 1572 2568 fortasse
1669 2570 1677 2584 ,

193 2628 196 2633 '
250 2618 439 2690 ariolando
457 2617 620 2716 gaudeat,
644 2631 719 2705 aut,
743 2616 967 2715 desperando
988 2642 1065 2689 rem
1088 2618 1192 2690 aliter
1221 2617 1365 2695 decerni
1396 2639 1512 2716 posse,
1535 2622 1572 2691 in

249 2757 443 2813 extremam
458 2740 654 2838 quamdam
672 2740 883 2812 sententiam
903 2737 1023 2827 abeat,
1048 2742 1169 2812 omnia
1186 2743 1260 2812 sive
1278 2741 1377 2829 falsa,
1399 2744 1473 2814 sive
1490 2742 1592 2814 vera'

250 2880 286 2936 et
301 2866 457 2962 genuina
471 2864 667 2963 reputans?
682 2869 806 2961 Neque
823 2862 941 2934 solum
958 2864 1092 2961 loquor
1104 2863 1150 2935 de
1170 2862 1270 2935 libris
1285 2889 1443 2962 quorum
1456 2865 1573 2937 nudos

250 2987 503 3061 tantummodo
515 2988 639 3060 titulos
655 2989 693 3058 in
710 2987 887 3058 indicibus
901 2989 1038 3085 positos
1054 2986 1243 3074 habemus,
1264 2987 1443 3061 sedetiam
1457 3013 1570 3085 quum

248 3109 294 3183 de
310 3112 353 3183 iis
364 3112 506 3210 scriptis
523 3111 732 3209 philosophi
751 3112 869 3206 agitur
889 3135 969 3208 quae
985 3125 1020 3182 et
1045 3109 1189 3181 aliunde
1210 3110 1316 3181 uobis
1337 3111 1571 3181 innotuerunt

249 3258 321 3306 non
339 3235 459 3305 minus
469 3235 593 3332 inique
606 3250 659 3306 est
675 3250 797 3306 nostra
818 3234 993 3306 conditio.
1013 3234 1152 3305 Etenim
1172 3232 1218 3303 ad
1232 3257 1346 3304 unum
1362 3234 1436 3305 sere
1448 3257 1572 3304 omnes

248 3355 318 3452 qui·
326 3356 557 3456 deperditum
570 3356 765 3455 quemdam
781 3355 977 3428 Aristotelis
991 3355 1125 3427 librum
1139 3355 1303 3443 laudaut,
1326 3352 1416 3426 nihil
1432 3355 1478 3427 de
1495 3355 1572 3450 ejus

248 3493 457 3571 argumento
472 3478 656 3550 ambituve
674 3478 828 3568 addunt,
849 3503 967 3577 neque
985 3478 1142 3550 indicare
1155 3493 1325 3576 praeterea
1341 3493 1468 3549 curant
1481 3502 1571 3575 quo·

246 3623 332 3671 nam
354 3600 436 3695 jure
454 3601 672 3698 philosopho
695 3602 898 3701 adscriptus
915 3604 972 3674 sit.
999 3608 1097 3673 Hanc
1117 3603 1225 3697 igitur
1242 3602 1474 3697 quaestionem
1495 3601 1569 3698 ple-

247 3745 402 3818 rumque
412 3725 709 3819 neattingendam
720 3725 866 3822 quidem
878 3725 1016 3823 putaui.
1030 3722 1217 3821 Quidquid
1226 3722 1294 3793 sub
1306 3723 1500 3793 Aristotelis
1509 3746 1571 3792 no·

248 3845 343 3915 mine
369 3865 412 3914 ex
430 3845 645 3940 antiquitate
663 3860 845 3916 servatum
859 3860 924 3934 est,
944 3845 1013 3915 sub
1035 3869 1109 3915 uno
1127 3844 1330 3939 eodemque
1357 3843 1463 3913 titulo
1494 3843 1570 3937 ejus

246 3966 531 4062 fragmentorum
549 3969 741 4064 complecti
761 3969 967 4055 maluimus,
997 3968 1187 4062 segregatis
1207 3964 1460 4036 tantummodo
1482 3989 1570 4034 non·

244 4089 353 4161 nullis
368 4111 450 4187 quae
467 4091 556 4187 quin
569 4114 691 4163 errore
707 4092 781 4161 sive
794 4092 901 4162 etiam
921 4105 1045 4188 aperta
1056 4090 1182 4161 fraude
1194 4088 1371 4160 Aristoteli
1385 4089 1569 4185 supposita

244 4213 315 4284 sint
331 4214 513 4286 neminem
527 4214 777 4286 dubitaturum
796 4214 872 4285 sore
887 4237 1007 4311 spero.

292 4341 374 4408 Duo
397 4362 481 4410 vero
504 4353 588 4409 sunt
609 4362 738 4433 genera
762 4339 977 4435 scriptorum
1008 4363 1087 4434 quae
1112 4336 1180 4408 sub
1201 4337 1396 4407 Aristotelis
1423 4338 1568 4407 nomine

243 4461 549 4532 circumferuntur
560 4461 606 4532 de
631 4460 765 4558 quibus
790 4460 880 4531 nihil
904 4461 961 4531 hic
980 4464 1201 4532 curavimus.
1229 4464 1351 4547 Quum
1380 4460 1475 4528 enim
1504 4483 1569 4557 per

247 4605 412 4674 magnam
440 4597 580 4681 partem
611 4584 784 4680 temporis
805 4582 905 4680 quod
938 4582 1098 4654 medium
1127 4607 1242 4654 arvum
1267 4580 1440 4679 appellari
1462 4581 1565 4670 solet,

243 4707 413 4800 Stagiritae
432 4733 565 4778 nomeu
581 4708 684 4802 quasi
704 4708 817 4804 ipsam
836 4709 1023 4779 scientiam
1054 4721 1335 4806 repraesentaret‚
1358 4705 1492 4775 sactum
1514 4720 1567 4776 est

244 4843 283 4898 nt
297 4852 342 4899 eo
356 4831 487 4901 mirum
503 4832 537 4900 in
560 4829 707 4901 umdnm
721 4830 958 4906 eluderentur.
971 4853 1044 4906 nou
1063 4832 1177 4906 solum
1194 4828 1332 4912 arabes,
1350 4827 1416 4897 sed·
1432 4843 1465 4897 et
1478 4826 1567 4898 doc-
