3959 5900
421 833 451 869 ν,
963 804 1179 860 PRAEFATIO.

421 944 477 1015 dis
499 940 694 1012 Aristotelis
718 936 923 1032 fragmentis
954 936 1066 1005 secuti
1093 935 1224 1022 simus,
1254 931 1410 1002 breviter
1440 928 1651 1027 exponenda
1683 942 1739 998 est

421 1070 527 1139 rati0.

467 1194 564 1261 Inter
578 1211 703 1258 omnes
717 1186 780 1280 qui
795 1186 832 1254 in
848 1197 923 1253 tota
942 1182 1156 1277 antiquitate
1174 1178 1402 1250 fecunditatis
1416 1176 1523 1249 laude
1540 1176 1741 1247 llonrernnt

422 1313 623 1409 scriptores,
642 1333 716 1379 non
730 1307 897 1377 ultimum
912 1319 1010 1376 certe
1024 1304 1146 1375 locum
1169 1301 1308 1374 obtinet
1328 1298 1542 1372 Aristoteles.
1563 1304 1743 1369 Numerus

422 1435 601 1506 librorum
625 1455 718 1527 quos
751 1429 1004 1524 conscripsisse
1035 1425 1180 1514 dicitur,
1215 1424 1311 1496 varie
1334 1423 1513 1495 indicatus
1537 1437 1602 1493 est.
1618 1412 1741 1509 Quum

422 1558 518 1630 enim
536 1558 711 1649 Diogenes
727 1555 900 1642 laertius,
919 1557 961 1640 V,
981 1552 1024 1637 34
1044 1577 1053 1619 :
1073 1553 1331 1647 (Συγγράμματα)
1356 1554 1407 1620 τὸν
1424 1551 1545 1644 ἀριθμὸν
1568 1552 1656 1643 ἐγρὸς
1672 1555 1742 1625 ἥκει

421 1695 482 1752 τῶν
498 1681 712 1776 τετρακοσίων,
733 1677 775 1745 τὰ
798 1683 855 1745 ὅσοι
874 1704 912 1771 γε
935 1679 1164 1770 ἀναμφίλεκτα·
1185 1676 1286 1743 πολλὰ
1308 1674 1364 1770 γὰρ
1388 1675 1442 1741 καὶ
1471 1671 1555 1742 ἄλλα
1575 1658 1621 1750 ἐἰς
1652 1674 1743 1740 αὐτὸν

423 1810 600 1900 ἀναφέρεται
614 1798 825 1898 συγγράμματ’
842 1807 932 1869 αὐτοῦ
945 1802 1000 1868 καὶ
1011 1801 1244 1893 ἀποφθέγματα,
1261 1800 1393 1891 ἀγράφου
1410 1808 1509 1891 φωνῆς
1527 1800 1743 1890 εὐστογάματα

423 1946 458 1999 et
472 1934 603 1998 Auctor
617 1947 818 2019 anonymus
831 1924 953 1993 Vitaea
969 1922 1132 2016 Menagio
1142 1922 1299 2017 primum
1310 1919 1428 2007 editae,
1446 1917 1494 1989 ad
1504 1917 1640 1989 calcem
1656 1918 1745 1988 Dio-

424 2051 520 2145 genis
533 2048 675 2133 Laertii,
696 2046 754 2116 ed.
771 2043 896 2133 Didot,
912 2070 951 2140 p.
978 2043 1034 2129 13,
1055 2069 1074 2138 ρ
1101 2069 1110 2110 :
1133 2043 1303 2139 Συνέγραψε
1322 2040 1427 2129 stetu
1443 2047 1529 2136 ἐγγὺς
1549 2040 1591 2128 u',
1610 2040 1656 2111 de
1675 2040 1744 2111 hac

424 2199 462 2243 re
471 2170 714 2255 consentiunt,
729 2168 832 2262 longe
843 2167 947 2238 aliter
960 2191 999 2237 se
1012 2164 1159 2251 habent,
1175 2189 1255 2260 quae
1269 2164 1366 2261 apud
1380 2179 1537 2236 veterem
1549 2163 1745 2261 quemdam

424 2291 632 2391 philosophi
656 2293 888 2388 interpretem
913 2288 1095 2385 leguntur,
1118 2288 1180 2384 qui
1209 2287 1274 2358 etsi
1293 2289 1369 2385 ipse
1395 2292 1540 2359 Graecus
1557 2313 1630 2358 non
1655 2288 1740 2372 fuit,

425 2433 543 2487 tamen
558 2440 620 2485 sua
629 2413 801 2511 pleraque
812 2414 935 2510 graecis
945 2410 1234 2484 sontibusdebet.
1247 2417 1298 2482 lta
1308 2413 1415 2507 igitur
1423 2410 1537 2483 David
1550 2413 1587 2483 in
1600 2413 1740 2483 Aristot.

424 2548 559 2633 Categ„
579 2565 617 2636 p.
637 2565 696 2627 aa,
726 2543 766 2624 A,
793 2562 847 2627 ιι,
868 2536 1037 2608 Brandls:
1058 2542 1125 2607 Τῶν
1148 2519 1389 2631 Apamensem
1408 2540 1651 2633 συγγραμμάτων
1665 2545 1745 2605 πολ·

423 2675 485 2733 λῶν
505 2668 611 2749 ὅντων,
629 2666 739 2757 χιλίων
751 2665 801 2731 τὸν
816 2664 953 2756 ἀριθμόν,
973 2668 1012 2741 ὥς
1028 2688 1100 2755 φασι
1114 2664 1309 2755 Πτολεμαῖος
1321 2668 1338 2729 d
1350 2657 1561 2753 Φιλάδελφος,
1576 2664 1748 2756 ἀναγραφὴν

424 2794 522 2856 αὐτῶν
539 2789 740 2877 ποιησάμενος
754 2788 808 2855 καὶ
823 2788 876 2854 τὸν
896 2787 961 2874 βίον
977 2792 1069 2855 αὐτοῦ
1082 2813 1134 2853 και
1146 2792 1201 2862 τὴν
1213 2782 1346 2854 διάθεσιν
1360 2798 1396 2854 et
1409 2807 1534 2854 rursus
1550 2781 1609 2868 ib,
1627 2807 1666 2880 p.
1683 2787 1744 2871 ad,

427 2914 466 2992 A.
487 2935 529 3008 19
546 2935 557 2980 t
570 2913 637 2980 Τῶν
651 2912 893 3007 Ἀριστοτελικῶν
908 2912 1153 3008 συγγραμμάτων
1168 2910 1276 3005 χιλίων
1295 2910 1389 2977 ὄντων
1406 2911 1463 2978 τον
1477 2910 1669 3004 άριθμόν,’ὠς
1684 2891 1744 2978 Ar·

425 3034 556 3131 δρόνιως
585 3030 808 3130 παραδίδωσιν.
838 3035 1069 3106 Ptolemaeum
1098 3035 1161 3131 qui
1190 3032 1446 3131 Philadelphus
1472 3035 1747 3129 cognominatus

393 3187 398 3194 ·
425 3171 492 3247 est,
513 3155 560 3228 de
578 3156 681 3252 cujus
700 3158 845 3228 incauto
863 3155 994 3228 ardore
1010 3155 1296 3251 qquristotelis
1307 3154 1616 3252 Theophrastique
1634 3155 1751 3226 libros

425 3293 607 3350 coemerat
623 3293 709 3348 nota
723 3295 807 3350 sum
826 3303 906 3375 quae
931 3303 1015 3350 cum
1037 3278 1135 3376 apud
1152 3278 1328 3349 Galerium
1348 3279 1384 3348 in
1414 3281 1617 3349 Comment.
1647 3284 1677 3349 ll
1701 3278 1751 3349 de

429 3407 562 3473 Natura
576 3399 692 3487 hum,
712 3427 749 3497 p.
774 3407 853 3486 128,
877 3415 954 3471 turn
973 3401 1069 3498 apud
1096 3402 1326 3472 Ammonium
1344 3407 1485 3472 Comm.
1506 3404 1542 3471 in
1563 3405 1743 3498 (ἔννομοι,

429 3551 465 3623 p.
494 3529 554 3614 28,
575 3528 616 3614 A,
634 3524 693 3611 43,
715 3523 863 3614 Brund,
877 3524 1049 3595 Davidem
1068 3523 1117 3594 ih.
1145 3529 1200 3612 νά,
1216 3524 1438 3622 Simplicium
1452 3550 1488 3621 p.
1510 3551 1545 3608 a,
1563 3531 1749 3595 Enarran-

427 3663 500 3736 tur,
520 3645 566 3717 de
588 3645 785 3717 Aristotelis
800 3645 873 3716 vita
891 3660 928 3717 et
942 3646 1083 3744 scriptis
1101 3647 1379 3717 commentarios
1397 3643 1600 3741 reliquisse,
1622 3670 1753 3717 omnes

316 3813 323 3826 ·
427 3772 603 3866 ignorant,
628 3770 696 3840 nisi
714 3768 815 3862 quod
835 3768 915 3840 talis
930 3766 1051 3841 libera
1068 3768 1396 3841 Dschemaluddino
1423 3769 1482 3864 (cf.
1503 3767 1685 3856 Wenrich,
1704 3768 1752 3838 de

428 3901 615 3963 Auctorem
626 3916 818 3988 grecorum
833 3889 1059 3961 versionibus
1070 3907 1105 3960 et
1118 3892 1384 3960 conerematis
1397 3893 1562 3984 syriacis,
1579 3890 1747 3972 arabica,

427 4011 652 4096 urrueniucrl,
661 4018 889 4111 perducitque,
907 4014 1045 4110 Lipsiae,
1066 4015 1169 4100 1842,
1186 4039 1224 4111 p.
1244 4013 1326 4107 237,
1345 4029 1379 4084 et
1393 4015 1520 4104 Casiri,
1534 4014 1749 4085 Bibliotheca

427 4135 786 4233 arabico-hispanica,
803 4152 830 4208 t.
842 4142 871 4226 1,
887 4163 924 4234 p.
936 4141 1022 4230 304)
1035 4152 1072 4209 et
1080 4150 1228 4208 auctore
1241 4139 1330 4209 Vitae
1340 4137 1526 4208 Marciana
1539 4136 1749 4226 Aristotelis,

428 4287 465 4358 p.
486 4261 522 4346 8,
538 4259 594 4330 ed.
612 4259 749 4348 Robbe,
770 4260 882 4355 Lugd.
901 4267 1038 4349 Batou,
1066 4259 1169 4351 1861,
1188 4261 1378 4332 Ptolemaeo
1395 4260 1560 4350 cuidam,
1576 4261 1677 4333 nulle
1694 4276 1750 4332 ta·
1777 4333 1780 4342 ,

431 4405 514 4451 men
532 4381 711 4477 adscripto
728 4384 954 4478 cognomine,
969 4382 1151 4454 tribuitur.
1166 4383 1395 4454 Ptolemaeum
1413 4383 1521 4478 igitur
1534 4385 1674 4482 AEgypti
1696 4410 1750 4456 re·

432 4504 613 4598 gemmule
626 4504 699 4575 huc
712 4504 871 4576 delatum
885 4504 1054 4577 arbitror.
1074 4506 1177 4593 Quod
1191 4532 1277 4578 vero
1289 4505 1336 4576 ad
1351 4505 1592 4578 Andronicum
1606 4509 1748 4596 attinet,

431 4629 473 4716 si,
497 4642 658 4728 utputo,
683 4623 871 4702 niaximarh
887 4645 1027 4727 partem
1048 4653 1133 4702 vera
1149 4643 1231 4701 sunt
1245 4654 1326 4725 quae
1340 4630 1386 4702 de
1403 4631 1480 4725 ejus
1501 4632 1600 4702 curis·
1620 4633 1657 4702 in
1675 4634 1750 4702 Ari·

431 4750 566 4821 stotelis
589 4749 761 4822 librorum
781 4752 938 4824 editione
961 4753 1100 4824 collatis
1117 4753 1215 4850 apud
1232 4742 1444 4825 Strabonem
1464 4770 1499 4825 et
1517 4754 1749 4826 Plutarchum

431 4890 636 4968 narrantur,
659 4875 748 4947 nihil
766 4895 850 4949 sane
868 4891 921 4949 est
940 4876 1039 4974 quod
1055 4878 1241 4966 miremur,
1264 4903 1457 4951 numerum
1477 4878 1652 4950 librorum
1673 4877 1750 4976 phi·
1859 4899 1869 4920 ·
