3959 5900
691 516 836 578 sunus
858 476 1119 583 comosum

421 667 439 707 a
460 646 564 726 iuda).

147 796 249 856 Cicero
262 794 378 863 Brutus,
392 814 416 852 c.
435 795 562 872 12,§46
576 813 583 853 :

105 904 212 958 ταιιε,
237 885 463 960 quam‘subiatis
486 889 517 939 in
543 885 641 939 Sicilia
665 891 807 958 tyranms.
841 908 884 943 res

102 979 224 1059 privatoe
238 976 320 1047 longo
333 973 480 1028 intervallo
483 973 598 1044 judiciis
611 985 814 1048 repeterentur,
826 986 882 1030 tuns

102 1068 240 1138 primum,
254 1062 329 1135 quod
339 1072 412 1116 esset
425 1073 510 1115 αειιια
523 1059 577 1118 ilia
588 1080 658 1137 geas
668 1074 697 1116 et
710 1074 883 1117 controversa

106 1165 209 1207 namra
223 1150 232 1227 (
244 1150 285 1207 ita
296 1145 383 1209 codd.
396 1144 513 1206 Jacobs.
526 1146 597 1205 satis
608 1145 803 1226 probabiliter
814 1169 881 1207 con·

104 1239 177 1317 jecit
193 1258 200 1295 ε
214 1240 401 1293 controversiis
413 1235 519 1314 nata),
536 1249 625 1292 artem
637 1250 665 1293 et
678 1250 824 1312 proecepta
837 1239 882 1294 Si·

105 1331 180 1385 eulas
193 1329 327 1385 Coracem
335 1338 365 1381 et
380 1327 485 1382 Tisiam
492 1331 696 1401 conscripsisse.
707 1329 784 1383 li'arn
797 1341 883 1384 antea

105 1421 242 1473 neminem
256 1417 368 1470 solinum
382 1419 434 1470 oia
454 1433 506 1470 nec
520 1427 595 1483 arte,
621 1418 674 1471 scd
686 1422 817 1471 accurate
836 1429 882 1471 ta·

105 1522 169 1559 men
191 1515 221 1559 et
237 1504 274 1558 dc
290 1506 392 1577 scripto
408 1504 559 1578 plerosque
579 1505 688 1577 dicere,
711 1508 883 1578 scriptasque

100 1588 193 1658 fuisse
210 1603 239 1646 et
254 1602 375 1664 paratas
392 1609 412 1644 a
436 1592 591 1664 Protagora
618 1609 710 1646 rerum
732 1593 881 1646 illustrium

104 1680 328 1754 disprutmmnes,
345 1698 410 1754 quae
427 1698 501 1733 ncnc
523 1697 681 1735 communes
703 1681 885 1754 appellantur

108 1769 162 1823 loci
181 1769 280 1843 :quod
292 1768 367 1821 idem
375 1764 484 1838 secisse
499 1768 641 1842 Gorgiam,
654 1786 739 1840 quum
753 1768 883 1841 singula·

104 1875 166 1911 rum
185 1876 277 1911 rerum
299 1857 397 1912 laudm
415 1861 692 1931 vituperationesque
709 1860 882 1929 conscripsis-

102 1955 162 2014 set,
175 1947 253 2019 quod
259 1945 404 2017 judicaret
412 1943 466 1998 doc
475 1949 596 1999 oratoris
608 1963 669 2000 esse
681 1948 806 1999 maxime
816 1962 881 2018 pro·

100 2041 196 2109 prium
208 2053 267 2089 rem
280 2051 386 2107 augere
392 2050 474 2107 posse
487 2033 631 2088 muna>
644 2033 884 2107 vituperandoque

103 2141 198 2177 rursus
212 2118 365 2197 affligere:
381 2120 448 2175 huic
462 2120 663 2194 Antiphantem
681 2120 883 2176 Rhamnusium

101 2213 207 2266 similia
220 2211 351 2286 quendam
361 2209 490 2265 iaduase
501 2215 669 2284 conscrr'pta,
678 2227 732 2283 quo
744 2214 883 2263 neminem

102 2319 225 2374 unquam
249 2301 350 2355 melius
371 2300 459 2354 uliam
477 2302 597 2355 oravisse
621 2303 724 2373 capitis
746 2313 877 2366 causam,

101 2408 187 2461 quum
216 2406 246 2447 sc
271 2394 332 2462 ipse
356 2383 534 2461 defenderet,
554 2405 585 2442 se
605 2388 739 2442 audiente
762 2388 884 2461 locuples

54 2536 60 2546 ,
101 2488 200 2532 auctor
220 2482 331 2551 scripsit
355 2474 532 2547 iiiucydides
557 2494 648 2530 :nam
663 2477 779 2548 Lysiam
791 2480 883 2548 primo

97 2556 227 2629 profiteri
246 2559 354 2611 solitum
368 2566 456 2610 artem
471 2573 530 2610 esse
543 2556 672 2623 dicendi,
688 2555 790 2609 det'nde
807 2556 885 2627 quod

106 2644 266 2699 Theodorus
288 2656 360 2700 esset
377 2648 407 2698 in
423 2655 485 2698 arte
501 2644 633 2708 subtilior,
657 2650 687 2696 in
713 2641 883 2697 orationibus

101 2736 333 2803 autemjejunior‚
348 2730 678 2785 orationescumscribere
685 2730 876 2802 aliiscoepisse‚

100 2833 191 2876 artem
202 2825 346 2876 removisse
358 2838 369 2874 .·
380 2819 511 2873 similiter
524 2821 677 2873 Isocratem
685 2822 777 2890 primo
788 2830 878 2872 artem

99 2910 216 2966 decadi
229 2927 288 2965 esse
298 2913 453 2982 negavisse,
465 2908 583 2962 scribere
590 2919 684 2963 autem
696 2908 762 2963 aliis
770 2910 880 2963 solitum

99 3004 243 3055 orationes
255 2996 355 3073 quibus
369 3003 399 3052 in
403 2998 520 3068 judiciis
531 3008 674 3052 uterentur
688 3016 699 3050 .·
713 2998 774 3064 sed,
794 3016 879 3070 quum

99 3105 138 3141 ee
151 3106 199 3156 co,
214 3091 281 3161 quia
293 3090 374 3160 quasi
384 3089 569 3142 committeret
577 3097 673 3139 contra
690 3086 798 3159 legens,
821 3104 875 3158 quo

99 3181 163 3249 quis
177 3177 290 3246 judicio
311 3178 567 3241 circumveniretur,
588 3191 667 3248 seepe
686 3178 745 3248 ipse
763 3179 792 3228 in
802 3175 881 3244 Judi·

99 3269 172 3318 cium
191 3277 349 3333 vocamur,
371 3268 512 3319 orationes
523 3263 591 3317 aliis
611 3263 746 3317 destitisse
763 3263 883 3317 scribere

99 3364 242 3426 totumque
262 3371 293 3407 se
314 3353 357 3407 ad
374 3363 449 3406 artes
470 3351 676 3425 componendas
695 3354 878 3410 transtulisse.

99 3441 137 3496 lii
156 3442 273 3496 Groecioe
286 3441 398 3515 quidem
412 3449 551 3494 oratorum
565 3450 666 3511 partus·
686 3450 771 3514 atque
781 3435 882 3510 sontes

99 3530 184 3586 vides.

140 3612 323 3682 cs.Quinti1.
345 3611 415 3671 Ιειει.
429 3624 503 3671 orat.
520 3610 575 3684 tn,
596 3631 622 3685 1,
637 3614 654 3668 8
668 3631 748 3688 sqq..
774 3612 879 3670 Cicero

98 3706 183 3763 Orat.
198 3722 224 3759 c.
242 3720 276 3757 ια
298 3713 327 3756 et
340 3699 390 3770 52,
405 3698 458 3756 ubi
473 3696 708 3776 Theophrastum
733 3700 879 3776 sequitur.

427 3838 443 3892 3
466 3837 556 3916 (153).

94 3979 96 3982 ’
141 3973 288 4048 Diogenes
300 3969 395 4028 Laert.
408 3967 463 4041 iil,
483 3976 535 4037 soi
548 3967 698 4045 ιθεόδωροι
707 3967 734 4025 di
744 3968 880 4044 γεγόνασιν

596 799 698 871 itaque
707 803 749 853 ait
762 797 884 876 Asisiu-

281 4168 324 4219 tv.
342 4167 462 4217 aniius
480 4165 700 4216 COMPENDiUM.

477 4285 500 4331 ³.

131 4374 238 4424 Fuerunt
261 4374 342 4420 sutoro
357 4368 479 4421 Theodori
500 4367 632 4431 viginti...
650 4377 729 4418 nonus
752 4365 880 4430 Byzantios

99 4465 125 4513 in
137 4460 208 4512 nno
220 4458 331 4510 civilibus
341 4457 421 4509 cissos
434 4477 441 4508 ι
455 4456 564 4507 wreus
576 4455 696 4517 dminus,
707 4454 778 4516 culos
788 4454 878 4505 aristo·

99 4551 159 4602 teies
169 4550 193 4600 io
210 4549 321 4613 Epitotne
332 4549 455 4597 οιαισευιει
470 4545 615 4596 mentiones
629 4543 693 4594 iacit.

478 4639 502 4684 5.

129 4728 207 4777 Nemo
221 4728 302 4776 auam
323 4737 363 4774 ma
373 4721 433 4774 iilud
447 4722 559 4786 ignoraris
575 4721 656 4785 putei,
668 4718 707 4769 rei
721 4717 787 4782 qood
796 4717 878 4781 Apisa·

98 4830 171 4879 reus,
188 4815 311 4880 privignus
321 4817 347 4866 et
361 4827 406 4879 per
415 4811 569 4874 adoptionem
582 4809 644 4861 iiiios
653 4809 778 4870 Ιεοστεθε,
791 4807 816 4858 in
825 4820 880 4858 ora·

98 4906 165 4956 tione
182 4904 214 4955 de
228 4902 339 4954 antidosi
353 4904 438 4954 contra
456 4898 612 4965 tiegaciidem
632 4895 766 4960 οοοιαιάίί,
787 4895 880 4946 arritum

97 4996 266 5059 ammentum
282 4992 376 5042 imenso
391 5003 407 5040 a
425 4991 492 5054 patre
506 4988 622 5052 seriptum
633 4999 688 5038 esse
702 5005 709 5038 ι
728 4997 806 5049 nequo
821 4983 879 5035 iiind

94 5084 185 5146 αιτιοι,
202 5079 268 5145 quod
288 5077 414 5131 iascimios
430 5076 562 5144 permultos
576 5073 724 5139 iudicialium
742 5072 878 5124 orationum

97 5170 211 5223 Ιεοαεθι
230 5166 377 5221 oramen
395 5163 454 5217 dicit
473 5163 638 5230 ahioiimoiis
659 5161 805 5214 mutes.
828 5159 878 5210 aui

94 5257 274 5310 enimhmab
291 5253 548 5318 iitiaririadiuisdo,
566 5247 878 5316 ίιαεαεαοφυεατίειυθτθ

93 5347 182 5411 credo.
199 5344 308 5411 ηυίἰνσίσ
318 5344 382 5397 alito
392 5340 514 5395 sordidant
525 5340 644 5394 naeniam
656 5338 799 5405 adspergere
810 5338 874 5398 vuit,

1654 532 1711 595 123

910 667 916 723 1
939 651 1056 714 είκοσι...
1073 654 1161 720 ίνοιτος
1176 656 1325 727 Βυζάντιος,
1341 655 1394 715 ἀπὸ
1402 656 1488 736 λόγων
1499 658 1654 720 πολιτικῶν·
1666 662 1715 722 δι’·

939 761 1017 806 κατυς
1031 738 1135 816 ὁμοίοις,
1149 730 1179 799 σθ
1193 740 1409 822 Ἀριστοτίλη
1419 768 1432 811 ς
1444 744 1602 824 μνημονεύει
1613 747 1657 806 διὰ
1671 752 1717 822 τῆς

938 827 1087 905 Ἐπιτομῆς
1102 830 1154 886 τῶν
1170 828 1297 909 ρητόρων.

1261 990 1277 1049 ι
1301 979 1393 1060 (154)·

978 1141 1177 1210 Quintilianus
1187 1141 1259 1203 lnat.
1272 1145 1326 1220 ΙΙΙ,
1343 1166 1369 1222 1,
1384 1145 1401 1221 S
1418 1146 1452 1204 13
1471 1167 1478 1203 ι
1494 1152 1549 1205 His
1564 1169 1717 1211 successere

937 1234 1030 1303 mulii,
1036 1235 1089 1288 sed
1096 1235 1267 1289 clarissimus
1274 1237 1388 1308 Gorgia
1394 1237 1550 1292 auditorum
1559 1241 1716 1310 Isocrates‚·

936 1340 1098 1395 quanquam
1110 1323 1147 1377 de
1156 1335 1332 1398 praeoptare
1350 1325 1413 1393 ejas
1430 1330 1504 1381 inter
1517 1339 1642 1383 auctores
1662 1349 1717 1385 non

936 1416 1067 1465 convenit
1082 1430 1092 1463 .·
1105 1430 1155 1467 nos
1167 1423 1260 1466 autem
1271 1413 1446 1468 Αιιετοτειε
1464 1415 1610 1470 eredimus.

1263 1561 1280 1619 ο
1303 1562 1394 1641 (τοι).

978 1708 1139 1787 Dionysius
1167 1709 1259 1771 Halic.
1281 1710 1325 1769 De
1344 1710 1473 1790 antiquis
1492 1713 1575 1776 thu.
1602 1737 1632 1795 p.
1660 1720 1717 1793 576
1743 1694 1746 1701 Ι

939 1797 1043 1859 lieiske
1063 1819 1070 1855 ι
1086 1797 1187 1869 Μηδεὶς
1206 1799 1229 1856 δ’
1247 1802 1349 1876 ἀγνοεῖν
1363 1800 1486 1881 θπολιίθη
1500 1801 1564 1880 μηδ’
1576 1803 1617 1865 ὅτι
1636 1804 1717 1889 Ἀφα-

938 1884 1021 1966 ρεθςθ
1038 1885 1162 1965 πρόγονός
1172 1885 1256 1945 τεκαὶ
1269 1887 1417 1962 εἰσποίητος
1428 1887 1574 1971 Ἰσοκράτει
1584 1894 1718 1974 γινόμενος

938 1979 965 2034 ἐν
980 1977 1020 2057 τῷ
1033 1976 1097 2056 πρὸς
1110 1975 1296 2053 Μεγακλείδην
1319 1978 1379 2059 περὶ
1401 1982 1449 2051 τῆς
1470 1978 1635 2051 Ἀντιδόσεως
1649 1985 1719 2066 λόγῳ

937 2065 1077 2147 διορίζεται
1105 2065 1238 2146 μηδεμίαν
1252 2064 1303 2124 ὑπὸ
1316 2071 1362 2126 τοῦ
1381 2065 1481 2147 πατρίς
1494 2069 1614 2136 ὑπόθεσιν
1629 2075 1664 2139 είς
1680 2077 1718 2132 δι·

938 2152 1083 2235 καστόριον
1099 2154 1255 2236 γεγράφθαι,
1279 2154 1341 2229 μηδ’
1365 2153 1405 2214 ὅτι
1427 2154 1525 2233 δίσμας
1539 2157 1609 2217 πάνυ
1620 2161 1719 2228 πολλθς

939 2244 1080 2304 δικανικῶν
1087 2242 1171 2322 λόγων
1187 2242 1370 2322 Ἰσοκρατείων
1380 2245 1564 2325 περιφέρεσθαί
1575 2268 1654 2326 φησιν
1668 2250 1720 2311 ὑπὸ

937 2335 989 2390 τῶν
1006 2331 1190 2411 βιθλιοπιυλῶν
1215 2330 1468 2409 Ἀριστοτέλης·
1496 2333 1643 2411 ίνείσταμαι
1667 2337 1719 2419 γὰρ

936 2426 1021 2479 ταῦτα
1043 2420 1095 2481 ὑπὸ
1121 2423 1173 2480 τῶν
1195 2421 1295 2502 ἀνδρῶν
1310 2419 1416 2479 ίιιείνυεν
1436 2420 1566 2498 λιγόμινα
1591 2424 1637 2483 καί
1664 2424 1718 2484 οὔτ’

936 2511 1108 2589 Ἀριστοτελει
1119 2509 1244 2588 πείθομαι
1253 2508 1387 2590 ῥυπαίνειν
1400 2508 1444 2568 τὸν
1457 2510 1539 2591 ἄνδρα
1551 2515 1714 2596 βαελομὲνορ,

936 2597 990 2657 οὔτ’
1003 2598 1112 2679 Ἀφαρεῖ
1123 2598 1215 2658 τούτου
1231 2601 1256 2680 γ’
1278 2597 1356 2657 ἕνεκα
1370 2597 1447 2676 λόγον
1469 2601 1587 2680 εὐπρεπῆ
1603 2603 1718 2663 cinaeo·

937 2686 1008 2768 με’νιρ
1033 2686 1195 2764 συντίθεμαι.
1215 2684 1318 2746 Ἱκανὸν
1337 2684 1366 2744 dl
1390 2685 1557 2763 ἡγησάμενος
1581 2679 1648 2748 alsat
1671 2697 1719 2764 τῆς

937 2773 1060 2845 ἀληθείας
1085 2773 1233 2853 dedecoris
1248 2774 1291 2834 τὸν
1313 2771 1448 2844 Ἀθηναῖοι
1467 2775 1673 2855 Κηφισόδωρον,
1690 2773 1718 2841 ἃς

936 2863 981 2921 καὶ
994 2861 1150 2923 assedissem
1166 2861 1324 2940 Ἰσοκράτει,
1339 2860 1385 2919 καὶ
1399 2860 1577 2939 γνησιώτατος
1589 2861 1719 2937 ἀκουστὴς

936 2948 1040 3030 ίγίνετο
1050 2952 1095 3011 καί
1107 2949 1154 3024 τὴν
1169 2949 1311 3029 ἀπολογίαν
1318 2949 1367 3021 τὴν
1375 2947 1446 3008 πάνυ
1457 2951 1612 3030 θαυμαστὴν
1624 2956 1650 3013 lv
1659 2960 1719 3018 ταῖς

936 3038 1001 3117 πρὸς
1025 3038 1205 3117 Ἀριστοτιλην
1229 3039 1399 3119 ἀντιγραφαῖς
1422 3038 1580 3114 instincto,
1601 3041 1718 3102 πιστεύω
1760 3083 1763 3088 ,

936 3128 1082 3209 γεγράφθαι
1092 3128 1185 3207 λόγους
1196 3130 1267 3197 τινὰς
1278 3128 1329 3187 ὑπὸ
1339 3135 1385 3188 τοῦ
1398 3126 1490 3207 ἀνδρὸς
1500 3130 1538 3196 είς
1551 3129 1717 3209 δικαστήρια,

936 3217 1065 3293 sipont
1076 3218 1199 3286 πολλούς.

978 3308 1021 3366 De
1034 3306 1228 3386 Cephisodori
1243 3307 1321 3367 libro
1343 3307 1381 3365 ci.
1393 3306 1511 3380 Mulier,
1527 3305 1642 3383 Fragor.
1665 3307 1714 3367 iii-

935 3409 1008 3455 stor.
1022 3409 1044 3456 t.
1060 3395 1101 3469 11,
1114 3417 1144 3476 p.
1157 3396 1205 3458 85.
1224 3397 1269 3454 Ad
1282 3387 1430 3472 dialogum
1450 3392 1588 3472 Gryllum
1607 3395 1718 3452 inscri-

937 3499 1018 3565 ptura
1039 3484 1095 3543 hoo
1119 3498 1148 3544 et
1168 3484 1336 3565 praecedens
1356 3485 1548 3561 fragmentum
1564 3503 1623 3543 non
1643 3484 1717 3543 maie

937 3574 1058 3632 sortasse
1085 3575 1233 3652 pertinere
1256 3572 1416 3632 arbitratus
1441 3584 1486 3631 est
1507 3572 1654 3649 Bernnys,
1672 3576 1718 3630 riie

935 3668 1010 3721 Dial.
1021 3667 1071 3720 des
1083 3669 1169 3720 Arist.
1180 3684 1212 3739 p.
1231 3662 1299 3734 157.

1265 3820 1284 3876 6
1300 3818 1390 3899 (157).

978 3969 1075 4027 anon.
1087 3978 1189 4024 auctor
1199 3964 1316 4041 Proleg.
1330 3967 1361 4021 in
1370 3964 1438 4023 Vita
1446 3963 1566 4024 isocrat.
1577 3962 1714 4022 inSchoi.

935 4148 1015 4198 oeque
1029 4138 1154 4198 propterea
1166 4134 1248 4183 umen
1259 4130 1369 4196 Apharei)
1382 4130 1508 4181 Ινοοεειιιο
1519 4130 1653 4181 orationem
1669 4131 1715 4180 iio·

936 4223 1001 4289 genii
1012 4221 1149 4273 scientim:
1170 4220 1213 4272 sed
1229 4219 1343 4271 idoneum
1355 4218 1464 4270 venum
1476 4219 1660 4284 approbatorem
1674 4232 1715 4268 ra·

933 4314 975 4362 tus
992 4305 1435 4374 contaminatissimum!
1451 4307 1476 4357 ei
1493 4304 1641 4356 iamiiariier
1660 4317 1716 4355 curo

934 4400 1040 4450 isocrde
1051 4397 1124 4461 visit,
1138 4399 1163 4448 et
1182 4395 1276 4447 auditor
1288 4394 1340 4458 eius
1356 4392 1461 4445 maxims
1472 4406 1601 4458 guenonus
1618 4393 1677 4454 iuit,
1691 4396 1716 4444 et

933 4486 1089 4551 praceptoris
1097 4485 1212 4537 adversos
1221 4483 1355 4535 adstotelis
1366 4481 1545 4533 criminationes
1553 4480 1715 4533 detensiones

934 4576 999 4626 iiiam
1022 4588 1121 4640 prorsus
1141 4572 1305 4624 admirabilem
1326 4571 1434 4637 scriptia
1457 4570 1531 4622 credo
1548 4570 1628 4621 airum
1650 4570 1715 4621 iruna

933 4662 1060 4726 scripsisse
1073 4660 1200 4712 nonnuliis
1216 4660 1348 4720 οεειίοαεε,
1361 4671 1416 4724 qua
1429 4658 1453 4708 in
1463 4657 1560 4722 judiciis
1568 4657 1713 4721 dicerentur,

933 4765 982 4802 non
995 4750 1084 4802 multas
1097 4752 1186 4801 tamen

964 5069 1083 5120 isocrates
1103 5064 1191 5118 dicitnr
1212 5067 1237 5115 et
1262 5064 1339 5114 anem
1361 5061 1506 5114 τίεοίυτίσιιιι
1527 5059 1711 5125 ουυεττίριίεετ,

932 5171 987 5211 eam
1004 5169 1064 5208 τετυ
1080 5156 1188 5219 amputa
1206 5147 1666 5217 perlachoeretatiqnisondorem
1684 5158 1712 5196 ιε

933 5247 969 5299 sic
988 5245 1079 5297 ubere
1093 5242 1282 5296 θυυευιιείτείατ.
1295 5241 1405 5298 Dicimm
1419 5235 1623 5300 omnismodi
1644 5237 1711 5286 utos

933 5333 1064 5387 rhetoricas
1074 5331 1176 5385 ουσίιιθι
1192 5332 1217 5384 ei
1232 5328 1461 5394 nonsummum
1476 5323 1570 5377 ίοοθιι.
