3959 5900
478 516 527 576 DE
550 515 739 578 lNDlClBUS
759 516 958 579 tinnulum
979 517 1238 581 ARISTOTELIS.

78 702 79 706 ,
113 649 252 727 Ἀπολογία
265 647 475 729 εὗσιόιίαςπρὸς
489 650 686 731 Εὐρυμέδοντα.
715 656 719 661 “
965 656 1008 708 De
1020 654 1154 727 Archytas
1161 655 1346 730 philosophia
1353 696 1362 723 ,
1379 657 1443 711 libri
1456 659 1520 714 ΙΙΙ.
1596 672 1598 675 ·

114 736 260 818 Γεννργικᾶ.
908 760 941 795 ιο
965 743 1007 795 De
1021 743 1116 796 Lineis
1130 744 1339 811 insecabilibus,
1358 745 1423 798 libri
1436 747 1497 799 III.

113 827 261 908 Ἐγκώμνον
273 826 361 904 λόγον.
606 842 611 895 j
962 831 1006 883 De
1019 828 1121 896 Iustis,
1140 830 1206 884 libri
1215 832 1270 887 IV.

79 942 92 978 s
116 916 244 996 Μαγικόν.
962 918 1005 971 De
1019 917 1173 973 Contrariis
1184 937 1219 972 ac
1233 920 1366 986 Diversis,
1381 921 1446 975 libri
1466 922 1512 975 IV
1526 918 1537 995 s
1542 924 1585 978 De
1599 925 1659 980 De-

115 1010 182 1086 lltpi
196 1003 381 1086 Σωφροσύνης.
707 1044 710 1050 ,
1005 1008 1249 1062 monstrationibus
1276 1027 1311 1062 ac
1339 1010 1574 1083 propositionibus
1593 1033 1662 1068 con·

114 1090 280 1171 'stetimus
293 1088 432 1169 ἰγκλησία.
1001 1099 1136 1164 tentiosis‚
1155 1095 1218 1148 libri
1236 1097 1289 1161 IV,
1306 1092 1370 1154 (Ius.
1380 1094 1400 1170 l.

114 1178 263 1258 Ἐγκώμιον
278 1177 402 1239 πλούτου.
961 1183 1003 1237 De
1014 1188 1129 1249 Amore,
1148 1184 1211 1236 libri
1222 1185 1286 1240 m.
1488 1186 1490 1189 ’
1652 1252 1657 1261 ἱ

74 1273 79 1284 ’
116 1269 186 1350 Πρὸς
200 1266 383 1347 Ἀλέξανδρον.
945 1260 947 1263 ’
963 1272 1005 1324 De
1018 1272 1108 1337 Ideis,
1125 1282 1218 1325 utrum
1233 1276 1371 1326 exsistant
1393 1291 1497 1345 necne,
1516 1277 1582 1332 libri
1594 1282 1633 1333 II
1634 1282 1659 1334 1.

72 1379 97 1417 ns
120 1358 184 1436 Περὶ
195 1355 326 1416 Mustius.
908 1355 941 1411 15
965 1358 1168 1432 Compendinm
1196 1365 1287 1433 operis
1309 1360 1449 1435 Platonici
1459 1365 1495 1418 de
1517 1366 1663 1440 liegimine

1001 1450 1155 1516 civitatum,
1168 1448 1233 1502 libri
1246 1451 1282 1502 ΙΙ
1293 1444 1348 1523 (De
1358 1450 1502 1524 Regimine
1515 1459 1658 1523 sanitatis,

93 1533 224 1593 Tertium
249 1531 391 1606 indicem,
409 1542 438 1588 et
458 1548 553 1608 ipsum
574 1548 717 1607 ugsmco,
731 1542 764 1585 ut
781 1549 827 1586 vi·
1003 1534 1128 1600 librili,
1146 1541 1195 1608 qni
1206 1548 1270 1589 sunt
1279 1536 1423 1591 Platonici
1433 1544 1525 1611 operis
1535 1560 1663 1615 corripen-

52 1623 151 1694 deins,
173 1632 291 1678 auctore
308 1618 523 1696 consculptum,
552 1617 602 1676 sed
625 1617 737 1695 duplici
761 1635 828 1674 ver·
1003 1623 1093 1687 diune,
1109 1621 1204 1696 Cas).

51 1712 135 1769 sione
163 1708 263 1767 multis
285 1708 317 1765 in
337 1706 413 1765 locis
432 1708 472 1764 itu
500 1719 688 1785 corruptum,
703 1718 745 1763 ut
768 1705 828 1781 ple·
962 1711 1005 1764 De
1023 1711 1189 1784 Voluptate,
1208 1713 1277 1766 b'ber
1290 1716 1318 1769 I.

53 1816 179 1875 iussuque
196 1796 295 1855 nullus
309 1795 379 1854 satis
393 1795 562 1853 commodus
582 1814 598 1852 e
612 1793 712 1852 verbis
726 1812 829 1852 sensus
872 1796 881 1817 ⁶
964 1800 1006 1853 Ile
1018 1800 1114 1866 Motu,
1132 1800 1197 1853 iibri
1206 1801 1299 1858 VIII.

50 1886 118 1945 elici
130 1885 240 1965 possit,
254 1883 320 1942 ideo
333 1883 467 1941 omittere
479 1883 646 1954 noluimus,
661 1881 740 1959 quod
756 1901 829 1939 non·
963 1886 1136 1957 Qnaestiones
1146 1887 1394 1961 epicitIrernaticoe,
1413 1891 1474 1944 libri
1484 1893 1530 1949 II.

50 1974 133 2032 nulla
146 1974 177 2031 in
192 1972 244 2030 iilo
257 1971 447 2029 inveniuntur
458 1970 495 2028 ad
509 1969 728 2047 dijudicandam
755 1969 830 2028 hanc
958 1974 1008 2029 'De
1017 1980 1198 2048 artepoetica
1210 1978 1359 2031 secundnm
1370 1977 1541 2053 Py’tlingoroe
1552 1981 1664 2051 ejusque

51 2076 140 2120 tinum
152 2060 342 2139 questionem
357 2078 416 2116 non
431 2058 547 2117 inutilia
557 2058 686 2117 fortusse.
701 2059 768 2117 llaec
779 2078 830 2117 uu·
1002 2074 1167 2116 sectatorum
1174 2064 1297 2136 placita,
1312 2064 1375 2118 libri
1389 2065 1426 2119 II
1434 2064 1505 2139 (sec.
1520 2065 1663 2139 Pythago·

51 2163 107 2209 tem
120 2148 219 2208 tabula
227 2147 258 2205 ln
267 2145 378 2229 mulsici
384 2146 534 2224 cujusdam
545 2146 709 2225 sculptoris,
722 2146 828 2206 Dsche·
1007 2168 1069 2204 ram
1083 2152 1196 2223 ejusque
1207 2162 1369 2222 sectatores,
1390 2148 1455 2208 Cas.
1463 2152 1483 2228 l,

51 2237 225 2309 statumini,
250 2255 277 2297 u.
306 2256 381 2308 1172
397 2255 427 2313 p.
443 2233 512 2295 Chr.
542 2235 612 2306 nati,
633 2248 726 2293 exstat
741 2254 830 2314 opere
904 2257 942 2295 so
966 2240 1008 2294 Dc
1019 2240 1127 2314 Spiritu
1140 2242 1275 2307 estimati,
1294 2241 1356 2295 ibri
1366 2243 1429 2295 III.

50 2328 86 2385 ie
104 2326 182 2385 visis
200 2324 365 2382 eruditione
379 2324 480 2395 clusis,
499 2322 578 2400 quod
592 2323 670 2382 ultre
687 2336 830 2383 trecento-
963 2328 1110 2402 Epistolae,
1133 2328 1197 2382 libri
1208 2330 1273 2387 III.

51 2434 116 2473 snm
135 2414 266 2471 visorum
295 2411 478 2470 eruditorum
499 2415 591 2483 vitus,
606 2414 767 2471 secundum
792 2414 828 2472 li·
880 2426 884 2433 “
940 2416 943 2420 ’
968 2419 1009 2471 De
1024 2418 1091 2473 Nilo
1105 2421 1286 2493 Egyptiaco,
1307 2418 1370 2478 libri
1386 2420 1449 2476 III.

52 2517 182 2561 ieiunum
205 2501 310 2560 set·iem
335 2500 477 2576 digestus,
503 2501 716 2579 complectitur.
733 2500 829 2579 Equo
968 2507 1325 2580 DeAnimalinmcaptura,
1340 2523 1390 2559 nec
1403 2522 1459 2559 non
1472 2505 1590 2570 delocis,
1604 2511 1662 2579 qui·

52 2589 284 2668 quamprimum
300 2588 457 2660 acasitio,
472 2589 503 2647 in
518 2591 695 2647 Bibliotheca
713 2593 829 2647 mttbica
1005 2594 1055 2646 bns
1069 2595 1249 2647 detersantnr
1262 2604 1345 2666 atque
1364 2593 1541 2658 delitescunt,
1564 2595 1633 2647 liber
1645 2597 1663 2648 1

53 2682 254 2747 decurinlcnsi,
283 2676 318 2735 T.
345 2676 370 2749 l,
401 2698 430 2756 p.
453 2678 508 2745 tot.
541 2696 620 2754 sqq.,
638 2676 831 2736 editnsssset
1006 2680 1060 2754 (De
1068 2685 1196 2754 aucupio,
1204 2686 1314 2754 piscatu
1323 2691 1351 2733 et
1363 2692 1479 2747 uenatu,
1494 2681 1542 2733 nbi
1551 2683 1588 2735 de
1600 2685 1660 2735 ani·

53 2767 199 2826 librorum
214 2764 459 2826 Aristoteleosum
475 2764 564 2823 index
576 2810 584 2837 ,
598 2765 703 2823 iterum
718 2764 830 2843 publici
1011 2770 1133 2822 rnatium
1144 2769 1210 2822 locis
1222 2780 1249 2821 et
1261 2768 1401 2834 cudibus,
1421 2768 1526 2834 liberi,
1541 2764 1636 2844 Cas).

48 2856 129 2931 jutis
153 2854 244 2913 suctus
267 2867 310 2913 esi
335 2873 351 2913 e
387 2853 489 2911 codice
510 2852 696 2912 bibliothece
722 2852 829 2913 Caesus.
964 2857 1120 2913 Concilium
1134 2860 1247 2922 artium,
1263 2856 1362 2909 liberi
1381 2852 1657 2932 (Collectioartinm,

52 2944 194 3004 l’ulntinae
212 2942 432 3003 vindobonensi
455 2961 473 3001 n
493 2941 675 3015 wenilonis,
699 2942 730 3001 in
750 2963 829 3001 com·
1005 2946 1114 3012 liberi,
1131 2939 1222 3019 Cos).

54 3034 230 3091 mentatione
244 3037 288 3089 De
299 3046 441 3089 anctorum
452 3053 607 3109 gnecornm
621 3035 791 3088 sermonibus
804 3054 832 3096 et
908 3032 945 3088 25
969 3035 1012 3087 De
1026 3034 1116 3088 Rebus
1133 3036 1295 3101 amatoriis,
1314 3031 1378 3087 libri
1391 3033 1456 3089 111.

51 3127 322 3196 cmnmentariissyr.
339 3124 421 3180 arab.
437 3141 544 3176 armen.
556 3126 736 3196 persicisque,
749 3118 829 3199 Lips.
965 3124 1260 3196 ininterpretatum,
1279 3122 1347 3175 liber
1358 3123 1382 3187 I,
1396 3124 1445 3193 qni
1454 3119 1612 3174 dialecticae
1623 3133 1663 3175 est

57 3212 146 3278 1842.
172 3209 265 3287 Hujus
289 3209 450 3267 sessionem
466 3208 585 3266 latinam
601 3209 692 3271 secuti
711 3227 829 3279 sumus,
1008 3212 1153 3268 secundm.

53 3298 163 3357 additis
178 3311 273 3356 tamen
289 3298 327 3357 iis
347 3316 412 3374 quae
426 3293 473 3354 nel
488 3296 566 3374 opud
578 3297 672 3355 solum
687 3296 831 3356 Casirinm
968 3299 1177 3372 Arzaiyticornm
1186 3301 1327 3371 priorum,
1346 3296 1411 3350 libri
1423 3293 1477 3353 ΙΙ.Ἰ

53 3387 257 3458 inveniuntur,
269 3387 315 3444 vel
327 3404 393 3463 quse
407 3384 444 3443 ab
456 3403 491 3443 eo
506 3386 589 3444 alites
601 3403 740 3464 expressa
753 3398 830 3446 sunt.
882 3387 884 3392 ’
943 3380 1182 3459 'Anaiyticornm
1193 3390 1390 3460 posteriorum,
1406 3386 1525 3440 librili.

968 3473 976 3548 l
989 3476 1030 3528 De
1045 3474 1208 3550 Sophisticis
1219 3472 1363 3539 Elencbis,
1382 3474 1452 3526 liber
1461 3474 1481 3526 I
1482 3517 1490 3531 .
1503 3470 1564 3529 Cas.
1572 3471 1590 3545 l.

93 3558 199 3612 Horum
229 3558 359 3612 librorum
383 3562 535 3614 recensioni
554 3559 647 3632 fidem
674 3570 758 3633 atque
782 3578 830 3613 au·
909 3562 946 3618 30
970 3562 1130 3617 Bibicornm
1149 3567 1315 3637 questiones
1328 3562 1464 3632 majores,
1480 3561 1542 3614 libri
1555 3560 1602 3615 Il.

52 3650 208 3700 ctoritatem
227 3646 334 3716 adjecit
347 3646 499 3724 indiculus,
517 3663 601 3719 quem
618 3647 788 3702 Ptolemaeus
802 3652 831 3701 in
965 3650 1123 3705 Etliicorum
1138 3653 1303 3723 questiones
1329 3653 1461 3717 minores,
1477 3648 1600 3700 Eudemo
1621 3651 1663 3699 in·

55 3735 124 3789 libro
137 3738 168 3788 in
183 3733 308 3807 Agaliim
323 3730 379 3805 (vel
391 3732 546 3806 Agalliam)
562 3747 745 3807 representat
756 3733 833 3810 (Haec
855 3803 858 3809 Ι
1005 3742 1132 3810 scripta,
1152 3739 1215 3792 libri
1231 3739 1259 3787 V
1257 3739 1321 3793 III.

54 3820 132 3896 alind
145 3817 293 3878 Cusisium
306 3817 338 3874 in
351 3817 446 3875 fronte
456 3816 563 3875 indicis
578 3818 742 3894 leguntur).
886 3827 890 3832 '
969 3825 1012 3878 De
1025 3826 1187 3898 Itepubh'ca,
1206 3824 1270 3876 llbri
1283 3824 1372 3881 VIII.
1397 3833 1408 3853 ·

135 3906 307 3964 Exhortatio
319 3905 592 3981 adpbiiosopbiam,
607 3907 672 3961 libri
683 3910 740 3962 ΙΙΙ
750 3907 758 3983 l
765 3911 833 3964 Mn·
968 3915 1044 3965 Artis
1059 3910 1221 3979 rhetoricae,
1234 3909 1296 3962 libri
1315 3911 1379 3968 111.

175 3999 302 4049 nimenta
309 3993 513 4068 philosophice,
534 3994 599 4047 libri
613 3996 679 4063 III,
695 3992 811 4074 Casiri).
967 3998 1098 4070 Pbysicce
1114 3998 1338 4064 auscultationis,
1353 3995 1561 4053 siredoctrinoe
1581 4011 1664 4052 natu·

136 4085 222 4139 Liber
232 4082 364 4156 Sopbista
377 4094 562 4156 nuncupatus.
1006 4087 1082 4152 ralis,
1101 4086 1164 4141 libri
1177 4085 1206 4137 t'
1203 4086 1264 4140 111.

135 4174 181 4227 Dc
191 4173 322 4239 lustitia,
342 4171 405 4225 libri
415 4174 435 4225 I
436 4172 469 4228 V.
911 4172 947 4230 35
970 4177 1013 4229 De
1025 4175 1105 4231 Coelo
1116 4187 1144 4230 et
1155 4174 1271 4240 mimda,
1289 4172 1353 4227 libri
1363 4169 1499 4245 lVllibri
1514 4175 1552 4240 X,
1572 4170 1662 4249 Cas).

134 4265 178 4316 De
186 4263 364 4315 Institutione
376 4277 536 4334 morumque
543 4260 697 4332 elegantia,
716 4261 779 4314 libri
795 4262 838 4313 IV
972 4266 1015 4318 De
1033 4264 1219 4318 Generatione
1230 4272 1257 4316 et
1272 4260 1471 4334 corruptione,
1489 4261 1552 4318 libri
1565 4265 1609 4321 II.

176 4346 232 4426 (Dc
239 4352 358 4422 pietatis
367 4349 613 4403 exercitationibus
622 4365 658 4401 ac
670 4349 707 4403 de
718 4348 836 4402 moribus
970 4353 1013 4406 De
1027 4351 1173 4418 Meteoris,
1196 4350 1258 4404 libri
1270 4349 1289 4403 1
1289 4349 1315 4400 V
1316 4391 1324 4406 .

177 4442 239 4491 niro
249 4441 349 4510 cuique
359 4437 593 4506 accommodatis,
607 4435 670 4489 libri
682 4433 738 4503 IV,
755 4431 844 4510 Cas),
972 4442 1015 4495 De
1029 4444 1150 4507 Anima,
1170 4439 1232 4494 libri
1244 4438 1303 4492 m.
1335 4459 1341 4485 ν

99 4526 116 4582 5
138 4528 182 4580 De
197 4526 310 4580 Generis
323 4526 494 4591 Nobilitate,
518 4524 582 4578 llbri
595 4526 615 4577 Ι
617 4523 650 4579 V.
972 4530 1014 4582 De
1026 4528 1114 4582 Sensu
1130 4539 1158 4583 et
1168 4524 1308 4590 Sensibili,
1324 4525 1394 4581 liber
1404 4529 1432 4583 I.

136 4617 181 4669 De
192 4615 302 4679 Poetis,
317 4612 381 4666 libri
393 4614 451 4667 III
462 4611 470 4685 (
480 4610 559 4669 deest
572 4608 650 4688 apud
662 4609 725 4669 Cas.
735 4608 756 4686 l.
969 4616 1014 4670 De
1027 4616 1167 4670 Memoria
1179 4626 1207 4670 et
1221 4629 1333 4679 somno,
1347 4613 1447 4670 liberi
1462 4611 1513 4691 (1)

136 4705 180 4756 De
191 4704 299 4777 Κυμὼ
315 4703 379 4805 libri
391 4702 420 4753 V
433 4699 529 4776 idm
540 4695 617 4776 'pud
634 4696 699 4756 (³⁸⁸⁸
707 4703 727 4771 l·
917 4743 946 4796 (Ι)
960 4741 998 4788 ci.
1007 4718 1160 4797 suidssspud
1170 4753 1239 4798 aucus
1250 4755 1273 4787 ν.
1282 4735 1379 4797 Misius,
1388 4743 1521 4789 simonia
1535 4735 1559 4784 lv
1567 4740 1602 4797 τῷ
1611 4737 1663 4797 περὶ

138 4792 182 4844 De
197 4790 277 4844 Bono
282 4829 292 4856 ,
310 4790 375 4843 libri
390 4789 424 4848 V.
893 4804 993 4864 Μνήμης
1008 4806 1048 4852 καὶ
1060 4805 1149 4855 Ὕπνον
1160 4805 1200 4852 καὶ
1214 4811 1255 4863 τῆς
1266 4805 1321 4855 καθ’
1331 4807 1402 4854 ὕπνον
1416 4809 1526 4867 μαντικῆς
1542 4811 1660 4857 laudatur.

120 4957 235 5020 tmlogis
253 4957 346 5019 pietatis
358 4957 475 5008 dvorsus
488 4956 699 5022 Eurymedontem.
954 4956 1083 5007 Alexandri
1094 4956 1224 5008 assumtio.

120 5046 247 5108 ῦνονςῐω.
544 5072 547 5077 -
952 5044 1017 5094 Ltus
1030 5044 1176 5096 divitiarum.

121 5135 184 5183 Iam
196 5131 322 5183 orationis.
950 5132 985 5183 Ad
997 5133 1167 5185 Alexandrum.

91 5226 105 5269 t
121 5220 248 5284 ittpmm.
907 5227 933 5270 ιο
953 5223 990 5272 ue
1003 5222 1123 5274 Methodo.

122 5310 158 5358 De
170 5307 308 5359 Prudentis.
