3959 5900
266 486 305 547 54
815 487 1059 555 ARISTOTELIS
1082 495 1331 558 FRAGMENTA.

264 615 331 695 ἔχει.
348 614 435 675 Πάλιν
455 617 473 685 ἡ
493 613 574 686 νεάτη
588 620 635 687 τῆς
653 614 755 688 ὑπάτης
769 619 897 678 διπλασία
916 623 1039 696 terimi
1070 648 1075 697 ι
1100 618 1178 686 αὗται
1193 631 1356 689 ἐπιτελοῦσιν
1376 631 1424 689 οὒκ
1438 629 1501 690 ἀνευ
1519 627 1659 708 ἁρμονίας,
1681 630 1807 696 ittam<
1826 632 1874 707 μὲν

264 706 292 762 δὲ
307 702 450 780 militm
469 706 515 774 τῆς
529 701 630 775 ensem
644 703 776 781 ἧίῑῑίλῑθιι
791 706 1041 792 ἥδίμίσηίπίτρι-
1098 715 1201 774 ἐκείνων
1216 708 1305 792 οάσαι,
1318 721 1366 777 οὐκ
1384 718 1438 777 ἀπο
1457 717 1480 777 θ’
1494 717 1607 777 ἐκείνων·
1623 721 1719 778 ἐκεῖναι
1741 720 1795 798 γάρ
1819 720 1876 796 ἅμα

263 815 306 857 ‘0⁴
318 790 383 872 πίὸί
397 790 499 862 ὑπάτην
512 789 655 870 *immitt-
672 791 727 852 Καὶ
745 796 799 860 τοῖς
819 792 867 872 μίν
885 796 977 876 μέρεσι
996 800 1043 859 καί
1097 808 1157 864 θεοῦ
1168 805 1300 886 παρουσία
1313 807 1539 885 παραγιγνόμεναι
1550 810 1604 873 τοῖς
1616 805 1725 883 σώμασι
1740 808 1812 867 κατά
1830 812 1876 869 λο-

265 880 319 945 τθῖι
339 878 452 987 πλήξω
472 878 518 937 καί
539 878 598 939 ’¹⁸²’
615 879 815 960 ’ᾸΡῑστθῖὲληῆ
836 881 949 964 ⁶Ptffltiss
962 884 1044 956 05³⁰<
1097 893 1207 971 γισμὸν,
1221 894 1333 973 ἰσχυράν
1344 918 1373 954 τε
1385 894 1430 953 καὶ
1444 893 1528 966 καλὴν
1544 892 1621 976 ρίσιν
1635 895 1724 975 ἔχουσι
1739 898 1789 974 (c.
1805 900 1871 976 26).

262 965 359 1047 ‘itm‘
371 988 469 1048 “iim
487 968 527 1044 (c.
547 969 609 1046 al).
626 966 775 1041 Σωίσῗθκὸ
788 967 817 1028 δὲ
830 971 1001 1052 tumim
1014 970 1044 1030 ἔκ
1098 981 1219 1062 Φανερθν
1236 973 1280 1042 οὖν
1295 984 1325 1042 ἐκ
1339 983 1437 1042 τοίτων
1450 982 1489 1043 ὅτι
1505 984 1558 1051 τοῖς
1571 985 1694 1050 παλαιοῖς
1709 988 1761 1043 τῶν
1773 984 1875 1059 Ἑλλή-

260 1079 290 1117 τῑ
303 1058 350 1126 τῆς
363 1055 473 1135 ἀπῑίβθυ
486 1054 532 1113 καί
546 1054 720 1135 capenates<
740 1057 786 1116 καί
798 1059 828 1117 3⁸
847 1062 894 1130 τῆς
911 1060 1041 1151 dertona·
1097 1092 1148 1129 νων
1169 1071 1276 1138 εἰκότως
1296 1072 1413 1149 μάλιστα
1434 1071 1541 1131 πάντων
1557 1071 1672 1150 ἐμίλησε
1685 1075 1877 1136 πεπαιδεῦσθαι

263 1142 353 1222 ρίσσου
370 1144 487 1223 φύσεως,
503 1143 549 1201 καί
565 1142 632 1215 αὕτη
648 1143 693 1203 καὶ
708 1145 743 1205 τά
757 1146 826 1227 μίρη
848 1148 929 1219 αὐτῆς
942 1147 1042 1208 πάντα
1099 1161 1236 1234 pompe,

261 1229 329 1302 αὕτη
343 1228 391 1305 μίν
403 1230 454 1307 γάρ
467 1228 516 1302 ὅλη
537 1230 616 1308 ἀρτία
632 1231 704 1306 ἐστὶ,
718 1233 883 1315 τετραμερὴς
901 1223 968 1294 οἷίσα
988 1236 1043 1303 τοῖς
1099 1216 1104 1237 ¹

260 1318 341 1397 ὅροις,
351 1317 385 1376 τά
395 1318 423 1377 δὲ
433 1317 502 1397 με’ρη
513 1316 646 1389 αὐτῆςναί
657 1320 681 1378 ot
693 1318 767 1399 λόγοι
776 1319 860 1400 ἄρτιοι
874 1319 918 1380 καί
930 1324 1049 1400 περισσοὶ

259 1406 305 1466 καί
321 1405 525 1485 ἀρτιοπέρισσοι·
539 1402 588 1475 τὴν
603 1404 651 1481 μὲν
665 1404 718 1486 γάρ
731 1405 825 1480 νεάτην
838 1406 894 1486 ἔχει
908 1406 1001 1485 ἀρτίαν
1014 1409 1045 1465 ίκ

261 1494 361 1554 δώδεκα
372 1493 492 1571 μονάδων
503 1538 512 1567 ,
523 1494 570 1562 την
581 1491 609 1550 δὲ
617 1493 777 1571 παραμέσην
789 1493 919 1574 περισσὴν
929 1492 956 1562 li
968 1493 1044 1552 ίννέα

261 1582 399 1659 μονάδων,
414 1580 462 1652 τὴν
478 1582 504 1639 δὲ
515 1580 598 1657 μίσην
608 1581 700 1661 ἀρτίαν
714 1582 741 1651 ti
754 1580 824 1641 ὀκτὼ
839 1581 978 1659 μονάδων,
993 1582 1042 1653 τὴν
1137 1578 1270 1636 Clemens
1284 1576 1366 1633 Alex.
1379 1575 1498 1646 Strom„
1512 1573 1562 1647 Vl,
1573 1575 1604 1647 6,
1626 1575 1663 1632 53
1679 1572 1836 1654 ι’ίσίδωρός
1849 1601 1875 1635 τι

258 1670 288 1747 ἀί
297 1673 400 1741 ὑπάτην
414 1667 611 1749 ἀρτιοπέρισσον
628 1669 655 1738 ἓξ
668 1671 788 1748 μονάδων
802 1660 896 1731 οὖσαν.
912 1668 993 1731 Οὕτω
1009 1671 1037 1732 δὲ
1097 1665 1277 1727 ὁΒασιλείδου
1291 1663 1343 1728 υίὸς
1362 1663 1419 1739 ἅμα
1433 1664 1478 1722 καί
1488 1661 1608 1739 μαθητὴς
1619 1665 1646 1720 ἐν
1658 1663 1697 1741 τῷ
1710 1662 1813 1744 πρώτῳ
1827 1668 1876 1722 τῶν

259 1766 390 1839 πεφυκυῖα
405 1757 471 1831 αὐτή
481 1780 509 1816 τε
521 1756 566 1815 καί
576 1757 609 1815 τά
625 1756 692 1839 μίρη
702 1759 783 1829 αὐτῆς
795 1756 859 1839 πρὸς
871 1759 975 1830 ἀλληλα
985 1766 1043 1823 ταῖς
1096 1759 1142 1814 τοῦ
1151 1754 1288 1835 προφήτου
1302 1751 1422 1832 Παρχὼρ
1438 1751 1620 1828 Ἐξηγητικῶν
1638 1750 1684 1808 καὶ
1710 1751 1789 1819 αὐτὸς
1808 1755 1876 1812 κατά

259 1850 401 1926 ὑπεροχαῖς
411 1868 440 1903 τε
451 1844 495 1903 καὶ
508 1852 560 1911 τοῖς
575 1843 670 1924 λόγοις,
682 1844 730 1916 ὅλη
742 1868 770 1904 τε
777 1844 826 1919 θλη
835 1844 881 1904 καὶ
891 1848 944 1913 τοῖς
952 1845 1043 1924 μίρεσι
1097 1843 1164 1910 λέξιν
1179 1842 1286 1922 γράρει·
1302 1868 1315 1893 ι
1329 1840 1404 1901 Φασὶ
1419 1839 1446 1898 ἀί
1461 1843 1485 1898 ol
1500 1838 1613 1901 Ἀττικοί
1635 1840 1806 1915 μεμηνῦσθαί
1819 1865 1875 1900 τινα

259 1943 394 2017 συμρωνεῑ
407 1938 450 2013 (c.
465 1935 531 2013 αδ).
545 1934 625 1993 Ἄλλά
639 1933 692 2012 μὴν
706 1934 751 1992 καὶ
762 1938 788 1994 αἱ
803 1935 938 2006 αἰσθήσεις
950 1937 977 1992 αἱ
989 1945 1043 2002 τοῖς
1097 1932 1235 2013 Σωκράτει
1254 1929 1439 2010 παρεπομένου
1462 1928 1585 2005 δαίμονος
1608 1930 1696 2008 αὐτῷ,
1719 1928 1766 1987 καὶ
1788 1929 1875 2008 Ἀρι-

259 2023 380 2101 σώμασιν
390 2022 571 2103 ἐγγιγνόμεναι
583 2022 625 2080 διὰ
633 2022 681 2093 τὴν
689 2022 818 2101 ἁρμονίαν
830 2024 857 2082 αἱ
865 2024 913 2099 μὲν
923 2021 1043 2103 οὐράνιαι
1097 2018 1237 2088 στοτίλη
1245 2042 1257 2085 ς
1265 2018 1372 2095 δαίμοσι
1379 2019 1525 2097 κεχρῆσθαι
1534 2015 1636 2082 πάντας
1648 2014 1875 2095 ἀνθριίπουςλίγει

258 2118 326 2172 θεῖαι
339 2102 512 2188 οάσαι,μετά
527 2115 584 2169 θεοῦ
599 2109 647 2182 τὴν
662 2109 783 2180 αἴσθησιν
797 2110 980 2191 παρεχόμεναι
989 2109 1043 2176 τοῖς
1096 2111 1303 2185 συναμαρτοῦσιν
1326 2105 1413 2172 αὐτοῖς
1437 2102 1511 2181 παρά
1538 2102 1583 2161 τὸν
1606 2102 1701 2183 χρόνον
1725 2106 1773 2174 τῆς
1797 2106 1875 2163 ἕνσω·

259 2200 412 2282 ἀνθρώποις,
423 2200 481 2280 hir<
490 2222 518 2258 τε
528 2198 573 2256 καί
585 2198 661 2271 ἀκοὴ,
670 2197 737 2271 μετὰ
747 2202 833 2278 possi<
843 2199 888 2258 καί
899 2197 984 2281 pairh<
995 2197 1044 2269 τὴν
1098 2194 1256 2272 ματιίνσεως,
1281 2192 1441 2274 προρητικθν
1471 2199 1547 2253 τοῦτο
1578 2192 1690 2267 μάθημα
1716 2190 1809 2251 λαθὼν
1832 2195 1874 2252 καὶ

260 2285 388 2367 ἁρμονίαν
408 2284 582 2366 ἐπιφαίνουσι·
597 2282 643 2342 καί
657 2283 736 2343 ἄλλοι
750 2286 874 2351 δἀὗταῐς
887 2285 1039 2358 ἀκόλουθοι,
1095 2281 1271 2359 καταθέμενος
1293 2281 1330 2346 είς
1351 2285 1385 2339 τά
1402 2283 1494 2339 ἑαυτοῦ
1521 2278 1629 2359 βιὸλία,
1651 2277 1688 2356 μὴ
1710 2281 1875 2361 ὁμολογήσας

259 2366 278 2453 ᾖ
291 2372 435 2446 αἰσθήσεις,
449 2375 508 2431 καθ’
522 2371 649 2450 ἁρμονίαν
662 2381 815 2431 συνεστᾶσι·
831 2372 918 2430 πάντα
930 2371 981 2452 γάρ
994 2373 1040 2431 καί
1067 2310 1073 2426 ί
1094 2371 1152 2430 ὅθεν
1167 2369 1286 2450 ὑφείλετο
1302 2367 1345 2426 τὸν
1361 2369 1438 2443 λόγον
1449 2373 1548 2428 τοῦτον.
1566 2393 1580 2420 ν

1418 1372 1564 1454 ¹¹·(76·l
1602 1334 1604 1337 Ι

259 2586 379 2659 dirimet
392 2583 501 2647 pulchro.
523 2585 603 2641 Quum
621 2584 703 2633 sutem
717 2582 749 2633 sit
771 2582 885 2633 facultate
898 2582 1041 2646 quadripar-
1095 2582 1127 2631 sd
1140 2582 1253 2645 hypalam
1266 2584 1302 2630 est
1321 2578 1481 2643 sesquitertia,
1497 2581 1542 2630 liis
1553 2594 1611 2645 ergo
1623 2579 1729 2644 partibus
1745 2584 1819 2644 atque
1832 2594 1873 2629 nn·

258 2675 317 2736 lita,
331 2674 392 2724 dues
402 2674 474 2724 hahet
482 2673 630 2735 medietates,
643 2671 816 2723 arithmeticam
825 2673 849 2723 el
862 2671 1041 2734 hemionicam3
1095 2669 1169 2721 meris
1181 2670 1305 2719 hannonia
1315 2669 1345 2718 dc
1358 2668 1491 2719 Aristotelis
1503 2669 1620 2719 sententia
1634 2668 1796 2731 componitur.
1808 2668 1872 2718 idem

259 2767 406 2826 apparetque
424 2763 506 2821 partes
527 2760 592 2823 eus,
614 2758 790 2823 magnitudines
812 2761 838 2810 et
859 2758 1042 2823 exsuperantius
1094 2763 1186 2826 optime
1202 2777 1232 2812 ex
1251 2760 1337 2811 introiti
1359 2762 1384 2811 et
1403 2760 1476 2822 initi,
1493 2760 1557 2825 paris
1575 2763 1600 2811 et
1621 2759 1732 2825 imparis,
1746 2764 1819 2823 atque
1833 2773 1871 2823 pa·

258 2853 397 2902 numeroet
408 2863 530 2901 mensure
543 2847 680 2912 equalitate
691 2850 812 2898 mustare.
829 2849 891 2898 liam
908 2846 932 2897 in
946 2845 1041 2896 duobus
1095 2850 1152 2900 riter
1173 2850 1270 2913 imparis
1289 2852 1375 2900 natura
1396 2850 1497 2901 eaodem
1523 2848 1649 2900 mustitnit
1667 2848 1768 2911 ejusque
1785 2854 1871 2912 partes.

258 2938 440 3004 quadrichordis
455 2938 580 2991 mutilene
598 2951 643 2988 sua
658 2936 820 2988 moduladons
831 2935 1013 2986 mocionmlur.
1026 2954 1039 2978 ν
1093 2941 1154 2990 Tota
1164 2938 1228 2989 enim
1241 2951 1283 3000 par
1298 2938 1349 2999 est,
1362 2949 1438 3000 quum
1451 2937 1545 2986 constet
1556 2936 1670 2999 quattuor
1680 2933 1810 2987 terminis:
1822 2949 1872 2999 par·

258 3033 337 3095 Atque
348 3032 402 3082 brec
415 3033 473 3081 sunt
481 3030 562 3080 serbis
577 3030 630 3090 eius
643 3041 771 3092 expressa.
788 3030 884 3091 Corpus
897 3040 971 3091 porro
987 3027 1040 3086 ejus
1094 3030 1131 3078 tes
1137 3026 1213 3091 ipsius
1222 3024 1415 3090 proportionibus
1425 3023 1586 3086 eontinentur,
1597 3036 1702 3085 quornm
1713 3024 1811 3074 termini
1820 3027 1873 3074 suot

257 3122 370 3170 morture
380 3118 438 3169 dicit
451 3131 483 3169 ex
498 3117 608 3182 partibus
618 3116 791 3178 dissimilibus,
809 3115 852 3166 sed
863 3127 920 3178 quse
937 3114 1001 3164 inter
1013 3127 1040 3164 se
1095 3129 1178 3180 paras,
1195 3115 1312 3179 impares,
1330 3114 1465 3178 pariterque
1476 3112 1588 3174 impares.
1603 3114 1662 3163 nete
1680 3112 1743 3163 enim
1762 3127 1807 3176 par
1821 3116 1871 3172 est,

258 3209 399 3270 consonent,
412 3205 505 3270 quinat
523 3205 665 3255 medietates
675 3218 758 3254 eorum
777 3203 927 3253 arithmetica
938 3215 1040 3266 propor-
1094 3203 1149 3267 quia
1162 3203 1208 3254 xri
1228 3216 1330 3253 numero
1347 3199 1498 3263 exprimitur,
1516 3211 1641 3260 paramese
1654 3200 1742 3263 impar,
1757 3202 1816 3264 quia
1829 3202 1870 3261 rx,

258 3296 324 3346 hone
338 3293 482 3345 mouentire.
497 3296 559 3345 nan
575 3293 625 3343 ima
642 3291 733 3342 ctiorda
747 3291 778 3340 ad
796 3303 918 3342 summam
939 3303 1040 3354 propor-
1093 3304 1161 3342 mssa
1179 3292 1268 3354 pariter
1287 3303 1339 3353 par,
1355 3288 1411 3351 qnia
1426 3288 1492 3337 Vlll.
1510 3287 1553 3337 llis
1571 3299 1628 3350 crgo
1649 3288 1784 3340 rationibus
1804 3292 1873 3352 atque

258 3383 323 3435 tione
334 3381 407 3447 dupla
418 3383 530 3443 menate,
540 3380 625 3431 malici
636 3380 751 3444 diapason
762 3378 952 3439 consummiam,
964 3391 1040 3441 quum
1094 3379 1202 3443 partibus
1221 3379 1323 3428 mndata
1347 3375 1486 3437 hmmooia,
1504 3373 1549 3425 sihi
1567 3373 1627 3433 toti,
1642 3375 1806 3441 omnibusque
1819 3390 1872 3441 par·

258 3471 346 3536 hypate
363 3472 411 3531 Vl,
435 3471 491 3521 neta
508 3471 554 3519 llll
574 3480 676 3518 numero
696 3468 891 3530 representatur.
912 3468 1040 3516 Pammese
1094 3467 1158 3517 tibus
1176 3468 1301 3517 musouat
1320 3463 1367 3513 sed
1382 3466 1406 3513 et
1421 3475 1516 3526 εεαειιε,
1529 3462 1570 3527 qui
1583 3462 1777 3515 obharruonism
1790 3479 1873 3528 corpo·

259 3558 415 3623 monialem
445 3557 601 3622 proportione
630 3555 727 3618 hypatas
751 3552 893 3618 respondet,
915 3553 986 3616 eique
1005 3555 1041 3602 lli
1094 3556 1160 3607 ribus
1179 3553 1254 3604 innati
1268 3555 1340 3614 suut,
1354 3551 1464 3602 celestes
1485 3550 1525 3602 alii
1542 3554 1568 3603 et
1585 3550 1674 3612 divini,
1694 3552 1736 3616 qui
1755 3567 1814 3604 cum
1830 3555 1873 3604 deo

258 3659 405 3712 congruere,
418 3645 507 3696 medias
522 3646 581 3695 vill
593 3643 710 3694 diximus.
728 3645 760 3693 ht
774 3641 838 3693 euim
851 3641 978 3693 intervalla
989 3653 1040 3690 mn·
1094 3653 1192 3694 sensnm
1205 3641 1313 3706 prebent
1325 3638 1463 3690 hominihus
1473 3639 1542 3690 νὶειιε
1553 3640 1577 3689 et
1588 3637 1699 3701 nuditus,
1709 3654 1766 3691 cum
1781 3654 1842 3691 soce
1851 3647 1873 3690 et

259 3737 316 3787 dere
334 3733 455 3799 praecipua
473 3735 586 3784 constare
600 3731 638 3781 his
658 3730 792 3782 redonibus
809 3731 902 3780 οειιααι
916 3730 971 3789 est,
985 3727 1038 3778 dia·
1094 3731 1184 3783 lumine
1194 3729 1344 3780 lnrmooiam
1356 3727 1488 3779 ostendum
1502 3749 1509 3779 z
1528 3727 1605 3779 etalii
1617 3741 1718 3787 seusus,
1733 3727 1822 3780 horum
1833 3742 1871 3779 co·

260 3827 369 3875 tessarou
381 3821 544 3887 sesquitertia,
560 3820 672 3885 diapente
686 3820 852 3884 msquhhera,
867 3819 983 3883 diapason
996 3818 1041 3866 du·
1094 3820 1174 3880 mites,
1186 3821 1304 3883 qmtcous
1321 3830 1408 3886 sensus
1418 3819 1488 3880 sunt,
1504 3807 1637 3868 secuudum
1648 3815 1800 3869 harmoniam
1816 3830 1873 3870 σοι·

259 3912 297 3976 plo
309 3910 464 3975 proportione
479 3931 486 3961 ι
502 3909 598 3961 inmoto
614 3909 686 3960 etlam
698 3907 837 3959 conscrrarl
857 3906 974 3957 rohonem
987 3919 1040 3956 ses·
1094 3910 1169 3959 stant
1178 3907 1243 3959 Nihil
1252 3907 1316 3958 enim
1328 3920 1359 3957 us
1372 3906 1417 3971 ipsi
1427 3905 1523 3970 quidem
1530 3905 1583 3956 sine
1592 3904 1714 3956 hamtonia
1725 3905 1872 3956 mnhcinot:

258 4000 423 4062 quinctovam,
440 3998 519 4062 quatis
538 4000 577 4049 est
593 3999 628 4049 lx
646 3996 677 4048 ad
692 3998 748 4047 Vlll
769 3998 794 4046 et
811 3997 896 4047 tonum
918 3993 1040 4058 exprlmit.
1094 3997 1200 4048 minores
1213 4009 1273 4047 sane
1286 3996 1407 4058 illis,non
1419 3997 1500 4047 tamm
1509 3994 1600 4058 amque
1611 3993 1666 4046 illis
1676 3993 1713 4044 llli
1723 3993 1788 4044 euim
1802 3992 1874 4044 simol

258 4090 312 4138 tam
332 4087 356 4137 itt
372 4101 467 4152 quoque
481 4085 582 4149 accidit,
597 4089 625 4136 nt
639 4083 785 4135 harmonicis
801 4085 912 4147 partera
931 4080 1041 4146 partibus
1094 4099 1150 4136 cum
1168 4085 1274 4137 adventu
1295 4085 1333 4135 dei
1352 4087 1441 4148 praesto
1458 4083 1547 4134 adsunt
1559 4083 1628 4145 iuxta
1645 4082 1777 4145 rationem,
1789 4085 1815 4132 et
1832 4096 1874 4131 sa·

258 4179 282 4226 et
292 4176 435 4227 medietates
447 4174 638 4226 omedletatibns
647 4172 780 4224 secundum
790 4184 918 4223 excessum
927 4170 1040 4220 anthim
1094 4174 1166 4224 lidum
1183 4171 1456 4238 pulchramquehahent
1469 4172 1588 4220 naturam.
1601 4172 1678 4221 Porro
1691 4171 1772 4220 sotem
1785 4183 1818 4219 ex
1837 4170 1874 4219 his

258 4266 332 4315 ticum
342 4268 366 4316 et
374 4265 424 4315 νιια
437 4266 604 4329 geomelncam
617 4265 762 4328 superentur
774 4264 847 4327 atqos
854 4262 906 4327 ipsa
916 4263 1040 4326 superent.
1094 4263 1192 4326 planum
1205 4262 1245 4321 tit,
1258 4261 1341 4324 primis
1351 4258 1443 4309 Grecis
1451 4257 1515 4307 hard
1535 4257 1621 4320 injuria
1632 4257 1655 4307 id
1668 4257 1797 4322 precipuae
1807 4271 1873 4309 curo

259 4353 337 4413 Atque
347 4349 392 4400 has
413 4350 571 4414 proprietates
589 4351 625 4400 sic
637 4349 743 4400 dcchrat
757 4349 900 4400 Δτίιιοιειω
915 4363 922 4398 ε
943 4349 1041 4398 ntuetr
1095 4352 1179 4413 titisse,
1191 4353 1219 4400 ot
1231 4349 1332 4400 musico
1349 4346 1481 4410 disciplinae
1492 4345 1656 4398 adolescentes
1666 4345 1811 4400 lmbuereot.

258 4439 349 4488 triente
367 4439 444 4500 major
466 4439 517 4501 sui,
534 4452 607 4502 quam
624 4451 700 4500 mese,
715 4440 747 4488 sit
764 4458 771 4489 c
789 4440 814 4488 st
831 4437 915 4488 ευθειιι
933 4436 1042 4500 portione

260 4538 385 4590 paramese
396 4525 501 4589 hypaten
516 4526 625 4577 excedat.
639 4528 723 4589 ltaque
736 4525 821 4575 relatio
840 4525 951 4589 quaedem
966 4524 1041 4574 inter·
1462 4529 1500 4574 tt.

259 4613 395 4672 vallorum,
411 4612 463 4662 sive
483 4610 664 4675 discriminum,
684 4610 922 4676 monachrorum
944 4609 1041 4662 termini

258 4700 393 4765 equalibus
415 4699 566 4764 portionibus
589 4703 703 4765 superest
728 4713 821 4752 messm
843 4703 869 4751 et
890 4711 1040 4764 paramesam
1125 4693 1231 4746 lsidorus
1243 4689 1353 4742 Basilidis
1364 4690 1436 4742 simut
1447 4690 1511 4741 silius
1523 4693 1548 4742 et
1560 4689 1703 4754 discipulus,
1716 4689 1740 4740 iu
1752 4691 1831 4753 primo
1842 4690 1871 4741 li·

260 4788 285 4837 et
297 4785 351 4835 aliis
367 4787 511 4848 superentur
532 4785 681 4850 :utrobique
693 4785 850 4850 sesquialtera
868 4787 893 4836 et
909 4782 1040 4846 securiter·
1094 4784 1137 4835 hro
1152 4779 1335 4845 Expositionom
1347 4778 1475 4842 sophera
1490 4777 1595 4828 Parcbor
1606 4777 1658 4842 ipse
1677 4791 1775 4842 qnoqm
1787 4777 1873 4828 scribit

259 4874 292 4925 tia
312 4872 505 4937 proportionibus
522 4886 573 4924 rem
584 4874 730 4938 gerentibus.
742 4878 822 4938 Atque
838 4873 892 4923 brec
903 4876 955 4931 est,
966 4885 1039 4934 quam
1092 4871 1122 4921 ad
1143 4868 1244 4920 remum
1264 4888 1271 4919 ε
1290 4889 1303 4911 «ι
1325 4868 1412 4918 Dicunt
1424 4870 1507 4918 sulen
1524 4866 1595 4917 attin
1608 4864 1720 4929 quaedam
1739 4865 1872 4930 significata

259 4961 422 5012 harmonicam
447 4963 534 5011 vocant
562 4962 706 5013 acchonem.
734 4963 795 5013 licta
817 4962 898 5012 sotem
917 4971 933 5008 a
955 4971 1038 5020 mma,
1092 4958 1166 5009 tuisse
1188 4957 1294 5019 Socrate
1313 4956 1424 5006 damone
1443 4969 1499 5006 curn
1517 4957 1690 5019 musaqueote.
1712 4953 1774 5005 Dicit
1797 4954 1871 5005 etiam

259 5053 285 5101 et
300 5061 425 5114 paramese
442 5048 474 5099 ab
490 5049 594 5113 hypata,
611 5048 768 5100 arithmeticis
787 5046 969 5098 intervallorum
989 5048 1039 5096 dis-
1091 5044 1247 5108 Arislmelcs,
1261 5058 1346 5096 omnes
1363 5044 1474 5095 homiues
1489 5043 1523 5093 uti
1541 5042 1706 5106 doemomhus,
1719 5043 1761 5107 qut
1777 5056 1821 5094 eos
1833 5056 1870 5093 se·

260 5138 401 5189 criminibus
418 5136 517 5188 annot
534 5139 596 5188 Nam
616 5150 741 5200 paramese
760 5148 852 5187 ιιιεοαω
873 5134 1039 5199 sesquioctava
1091 5135 1197 5197 qunntur
1209 5134 1415 5197 eotemporeqno
1431 5131 1533 5195 nigrant
1546 5130 1685 5194 incorpos,
1701 5142 1775 5193 ouum
1793 5142 1870 5194 quom

260 5232 352 5280 ratione
365 5228 467 5280 excedit.
481 5231 587 5280 domum
603 5230 658 5277 nete
669 5226 698 5274 sd
718 5225 831 5288 hypatum
843 5223 917 5289 dupla
930 5228 981 5286 est,
996 5238 1038 5288 pa·
1090 5237 1104 5273 a
1117 5221 1239 5287 prophetis
1249 5222 1379 5286 accepisset
1398 5220 1546 5284 doctrinam,
1559 5223 1585 5272 et
1600 5220 1626 5270 in
1638 5233 1697 5270 suos
1708 5220 1870 5270 transtulisset

260 5332 377 5368 salicosam
390 5315 478 5382 hypata
491 5317 566 5369 semel
578 5315 676 5380 ejusque
697 5312 822 5364 mmissem
833 5312 911 5377 ralet;
929 5314 955 5364 et
971 5325 1038 5363 mesa
1090 5310 1181 5374 ttbros,
1199 5323 1247 5361 noo
1262 5313 1341 5361 umen
1351 5308 1415 5359 uode
1432 5308 1564 5371 accepisset
1575 5320 1628 5359 ευαι
1640 5305 1777 5359 muitetur.
1792 5327 1806 5354 ο
