3959 5900
277 471 318 530 62
817 490 1063 556 ARISTOTELIS
1085 498 1331 569 FRAGMENTA.

275 591 332 658 σίας
345 593 444 659 ἄνοιαν.
462 602 525 665 Τοῖς
538 599 589 683 γδρ
601 605 774 684 διακειμένοις
793 611 827 672 sd
845 615 906 694 περὶ
929 617 977 690 τὴν
995 622 1045 699 ψυ-

273 679 325 757 χὴν
339 686 426 752 κακῶς
437 683 496 746 οὐτε
509 690 629 763 πλοῦτος,
641 696 699 753 οὐτε
713 697 745 753 ir
759 697 796 767 ὐς,
810 698 870 760 οὔτε
883 703 980 772 κιίλλος
995 710 1047 765 τῶν

273 769 378 845 ἀγαθῶν
389 772 468 830 ἐστιν’
479 775 539 834 ἀλλ’
549 777 603 860 όσιρ
617 804 667 861 περ
682 781 713 841 ἂν
723 720 801 844 αὐτοι
812 789 912 864 μᾶλλον
920 793 947 850 ui
962 794 1047 853 διαθέ-

273 877 325 921 σεις
333 857 391 913 καθ’
407 860 555 939 ὑπερόολιλν
570 866 714 947 incipiunt,
723 873 840 955 τοσούτῳ
852 876 897 936 καλ
909 880 993 940 πλείω
1004 882 1048 940 καί

272 942 353 1017 μείζω
368 944 411 1002 τὸν
436 951 595 1026 κεκτημένον
619 957 779 1034 βλάπτουσι,
804 964 1050 1053 χωρλςιρρονήσεως

270 1030 492 1111 παραγενόμεναι.

1071 617 1077 720 γ
1102 624 1294 706 thusumes
1307 634 1411 693 iterum
1427 635 1470 696 its.
1487 638 1524 695 50
1545 661 1552 696 ι
1574 639 1610 700 Ἢ
1623 642 1729 702 παιδεία
1744 619 1885 728 εὐτυχοῦσι

1104 709 1153 784 μίν
1165 715 1221 772 ἐστι
1235 715 1344 796 κόσμος,
1356 723 1482 801 ἀτυχοῦσι
1492 723 1521 782 dl
1534 728 1704 809 καταρύγιον,
1719 735 1770 791 ubi
1788 748 1885 795 tamen

1103 800 1266 864 Democrati
1272 809 1386 866 cuidam
1398 808 1583 872 adscribitur.
1595 814 1640 874 Cf.
1650 817 1788 879 Ciceron.
1803 838 1879 882 orat.

1104 908 1160 967 pro
1175 891 1280 951 Archia
1290 915 1315 955 c.
1330 916 1358 967 7.

1143 1047 1230 1125 Diog.
1242 1050 1337 1113 hert.
1349 1053 1382 1124 V,
1401 1076 1434 1113 ar
1453 1076 1460 1112 ι
1477 1056 1626 1119 Κάλλιππον
1642 1061 1743 1140 ἐφόδων
1757 1067 1798 1144 τῷ
1812 1066 1883 1146 γήρᾳ

310 1119 415 1178 Eadem
439 1144 532 1202 usqne
556 1129 593 1187 ad
621 1120 687 1191 εἶναι
722 1137 761 1195 δεῖ
790 1138 901 1215 νομίζειν
928 1141 1046 1203 Maxim.
1073 1094 1077 1185 ί
1101 1132 1150 1203 *ἦ*
1164 1137 1285 1195 πύῑδῑῖαν
1300 1138 1384 1219 ‘2⁸7‘-

269 1206 396 1270 Confess.
424 1232 448 1268 c.
473 1212 515 1285 ιζ’,
544 1220 688 1295 apostol,
709 1222 773 1297 ΧΠ,
809 1248 855 1307 19,
878 1249 912 1301 a,
937 1236 1049 1306 Arsen,

269 1291 410 1367 xxxtlt,
434 1297 482 1358 50.
502 1304 545 1359 De
569 1305 727 1380 proverbio
752 1312 832 1387 quod
854 1314 989 1376 laudatur
1007 1321 1046 1378 cf.

268 1381 441 1442 Welckeratl
447 1384 645 1464 Theognidv.
655 1414 720 1471 109,
726 1398 829 1474 Bergk.
841 1400 924 1462 Poet.
933 1404 1045 1482 Lyric„

266 1490 296 1546 p.
316 1469 372 1546 391
389 1470 434 1529 ed.
449 1492 507 1531 sec.
529 1474 732 1554 Fragmentum
746 1486 802 1545 tale
821 1502 862 1546 est
878 1502 910 1548 ut
923 1494 968 1550 vel
983 1494 1045 1553 dia-

266 1557 333 1631 logo
347 1556 415 1637 ίΙερί
428 1558 543 1619 πλούτου
557 1564 602 1622 vel
613 1567 674 1648 περὶ
687 1570 813 1641 Παιδείας
823 1589 900 1634 recte
916 1577 1045 1644 adscribi
1087 1604 1090 1611 ’

263 1646 366 1720 possit.
376 1646 515 1725 Bernays,
530 1651 551 1711 l.
569 1652 590 1710 l.
602 1674 631 1733 p.
651 1659 718 1731 163,
734 1659 770 1719 de
781 1661 900 1741 dialogo
913 1666 973 1748 περὶ
991 1670 1047 1729 tu·
1106 1711 1114 1731 ,

266 1733 274 1747 ³
351 1732 359 1753 Ι

265 1753 390 1812 ιασυριας
402 1735 450 1792 vel
465 1737 588 1822 Νηρίνθιρ
604 1745 721 1818 cogitat.
744 1747 804 1807 Cur
824 1751 854 1809 id
870 1773 935 1810 cum
956 1754 1045 1816 Rusio

262 1818 283 1879 l.
296 1820 316 1879 Ι.
328 1840 359 1898 p.
374 1823 444 1899 609,
459 1843 476 1882 e
488 1824 681 1907 Theophrasti
692 1834 772 1894 libro
789 1838 850 1917 περί
865 1841 1043 1921 Εὐδαιμονίας

262 1907 445 1987 desumptum
465 1914 627 1996 credamus,
642 1923 751 1982 nullam
775 1926 862 1987 video
884 1931 955 1989 satis
978 1933 1041 1991 ido·

262 2015 345 2055 neam
358 2018 483 2059 causam.
494 2003 540 2062 Cl.
551 2006 671 2069 Aristot.
690 2012 779 2072 Polit.
793 2014 844 2088 lv,
864 2038 889 2078 ι.

577 2147 606 2206 t.
631 2142 725 2223 tce-l

304 2265 438 2342 rippend.
458 2267 536 2329 Flor.
553 2271 588 2328 ad
599 2272 705 2333 Joann.
728 2279 1011 2363 StobaeumXV1,tp
1029 2311 1036 2350 ε

261 2352 316 2409 Ἰὀύ
332 2352 413 2411 αὐτού
426 2355 503 2432 (scil.
519 2355 738 2444 Ἀριοτοτελουςλ.
759 2364 867 2430 Ἅπασα
884 2373 960 2452 ρύσις
979 2379 1038 2454 βελ-

259 2439 321 2496 τίων
349 2439 449 2518 γίνεται
481 2445 603 2505 παιδείαν
627 2453 815 2529 προσλαόοῧσα
846 2457 893 2529 τὴν
930 2464 1038 2542 προσή-

258 2550 365 2598 κουσαν,
383 2530 451 2590 πολὺ
463 2531 490 2590 δὲ
503 2532 620 2610 μάλιστα
635 2537 708 2606 ὅσαις
730 2541 755 2610 ἐξ
772 2545 857 2626 ἀρχῆς
868 2549 1038 2631 εὐφυέστερον

257 2618 309 2673 τῶν
318 2615 406 2675 ἄλλων
416 2617 486 2698 ίχιιν
496 2621 663 2704 incipiuni<
675 2627 723 2704 μὲν
738 2630 789 2712 γὰρ
799 2635 884 2692 αὐτῶν
895 2637 968 2717 πόνῳ
976 2642 1037 2718 βιλ·

257 2701 325 2762 τίοσι
347 2704 493 2782 γίγνεσθαι,
517 2718 571 2778 τοῖς
594 2713 622 2771 di
642 2714 688 2774 καὶ
715 2721 766 2776 τῶν
791 2718 878 2780 ἄλλων
897 2725 1038 2802 συμόαίνει

259 2790 410 2868 διενεγκεῖν.

593 2958 709 2972 ἡ

298 3062 357 3123 Nec
382 3068 477 3125 niinns
502 3069 625 3131 fortasse
650 3094 667 3131 e
688 3073 803 3154 dialogo
829 3081 890 3160 περλ
912 3084 1038 3155 Παιδείας

257 3149 416 3230 desumptoe
447 3168 514 3213 sunt
539 3160 688 3218 sententiae
721 3182 786 3239 quae
809 3166 958 3229 Aristoteli
984 3174 1037 3232 tri·

257 3234 411 3300 buuntur:
503 3275 506 3280 ⁴

576 3356 605 3416 5·
629 3359 716 3438 (οὐ)

295 3480 381 3558 Diog.
399 3481 494 3542 Laert.
520 3485 554 3557 V,
588 3487 649 3566 19':
674 3489 731 3562 Τὴν
756 3494 879 3554 παιδείαν
899 3498 987 3577 ἔλεγεν
1008 3504 1035 3562 ir

253 3566 301 3643 μὲν
316 3571 375 3635 ταῖς
391 3571 523 3651 εὐτυχίαις
537 3564 603 3633 είναι
617 3577 727 3653 κόσμον,
749 3581 776 3639 ἐν
796 3582 823 3641 δὲ
844 3585 901 3653 ταῖς
914 3588 1035 3668 ἀτυχίαις

252 3656 419 3738 καταρυγήν.
442 3661 533 3721 Paulo
549 3664 633 3724 aliter
655 3670 790 3747 Append.
814 3671 923 3735 Joann.
945 3677 1031 3740 Stob.

252 3746 328 3820 xvi,
347 3750 383 3818 34
401 3771 407 3807 :
425 3749 664 3830 Ἀριστοτέλης
685 3757 735 3838 δρη
751 3758 798 3832 τὴν
814 3763 937 3822 παιδείαν
955 3767 1030 3826 εὐτυ·

251 3839 328 3913 χοῦσι
350 3835 399 3913 μὲν
424 3838 523 3916 κόσμον
558 3831 640 3915 εἶναι,
666 3844 809 3906 πταίσασι
825 3847 852 3907 δί
876 3857 1032 3933 καταρογιλν

1144 1288 1279 1367 Append.
1301 1293 1337 1351 ad
1351 1292 1456 1356 Joann.
1471 1297 1554 1360 Stob.
1579 1299 1654 1372 xit,
1672 1311 1707 1370 tt
1724 1323 1733 1363 ε
1753 1302 1880 1385 ’Aptero-

1102 1373 1199 1443 πίλους·
1208 1370 1305 1454 Οὗτος,
1318 1383 1456 1461 ίρωι-αθελς
1465 1383 1491 1443 τί
1500 1387 1551 1443 τῶν
1566 1385 1638 1468 ζῴων
1653 1388 1807 1467 κάλλιστον,
1821 1396 1884 1475 ἔρῃ,

1103 1461 1238 1546 ἅνθρωπος
1251 1466 1299 1540 τλν
1311 1469 1399 1550 ψυχὴν
1414 1472 1520 1553 παιδιίρ
1531 1476 1736 1553 κεκοσμημένος.

1139 1621 1185 1684 lb.
1203 1628 1240 1693 46
1261 1651 1268 1684 :
1282 1631 1323 1690 Οὐ
1339 1632 1430 1711 μικρὸν
1445 1634 1541 1715 npetu
1560 1635 1590 1695 τὸ
1607 1636 1641 1696 τίι
1655 1637 1783 1716 βελτιστα
1808 1644 1881 1720 ipae

1099 1710 1203 1770 ακοόειν
1217 1715 1263 1773 καλ
1275 1717 1424 1788 συνεθίζειν.

1137 1864 1223 1941 Diog.
1243 1866 1339 1926 Laert.
1360 1869 1395 1941 V,
1421 1890 1455 1947 ¹9
1472 1889 1479 1931 :
1498 1870 1656 1950 Ἐρωτηθεὶς
1669 1880 1718 1932 τίνι
1736 1877 1879 1959 διαφέρου.

1095 1971 1136 2009 σιν
1147 1956 1172 2011 oi
1185 1955 1390 2031 πεπαιδευμένοι
1401 1960 1452 2016 τῶν
1470 1958 1644 2020 α’ποιδτότων·
1656 1959 1747 2044 Ὅσιρ,
1759 1955 1842 2039 εἶπεν,
1852 1971 1878 2027 οί

1095 2041 1188 2106 ζῶντες
1196 2044 1248 2100 τῶν
1260 2043 1420 2129 τεθνεώτων.

1134 2192 1179 2250 Ιιί.
1196 2192 1239 2255 ib.
1266 2216 1274 2251 ι
1289 2197 1350 2257 Τῶν
1371 2200 1469 2277 γονέων
1483 2200 1543 2268 τούς
1561 2201 1755 2276 παιδεύσαντας
1772 2210 1878 2286 ἐντιμο·

1096 2278 1186 2358 τίρσυς
1195 2270 1262 2339 είναι
1275 2285 1328 2341 τῶν
1343 2285 1422 2362 μόνον
1433 2289 1623 2366 γεννησάντων·
1635 2292 1695 2360 τούς
1713 2294 1762 2371 μίν
1776 2297 1829 2378 γὰρ
1846 2299 1875 2357 τὸ

1095 2368 1154 2442 ζῆν,
1168 2367 1227 2434 τούς
1240 2369 1268 2429 δί
1279 2370 1310 2430 τδ
1321 2375 1410 2441 καλῶς
1423 2379 1469 2448 ζῆν
1478 2377 1673 2459 παρασχέσθαι.

1138 2525 1183 2586 ld.
1208 2527 1249 2587 ib.
1266 2548 1274 2587 ε
1291 2527 1452 2608 Ἐρωτηθεὶς
1471 2535 1527 2599 πῶς
1545 2533 1577 2592 δν
1590 2534 1763 2614 προκόπτοιεν
1778 2541 1802 2597 οἱ
1819 2565 1875 2615 μα·

1095 2612 1185 2693 θηταλζ
1199 2616 1260 2697 ἔφη,
1271 2616 1403 2687 Ἐλιντούς
1412 2619 1573 2701 προέχοντας
1586 2621 1722 2691 διώκοντες
1731 2622 1790 2693 τούς
1800 2630 1874 2686 ὑστε-

1096 2708 1203 2782 ροῦντας
1225 2706 1263 2781 μὴ
1279 2706 1439 2785 ἀναμίνωσι.
1460 2708 1506 2767 Cl.
1525 2711 1628 2770 Arsen.
1646 2712 1757 2777 Violar.
1770 2735 1801 2794 p.
1819 2738 1871 2775 rat

1096 2792 1144 2852 ed.
1162 2793 1254 2854 Walz.

1340 2976 1626 3038 otttottotssttoz.

1136 3156 1215 3215 Inter
1229 3157 1413 3233 dialogorum
1426 3158 1527 3218 titulos
1540 3162 1605 3221 sine
1620 3162 1713 3221 dubio
1727 3184 1870 3244 reponen-

1094 3242 1149 3301 dus
1162 3256 1205 3302 est
1221 3241 1394 3321 Οἰκονομικὸς
1403 3244 1443 3315 α’,
1458 3245 1510 3321 qui
1518 3247 1598 3322 apud
1609 3247 1772 3326 Diogenem
1785 3252 1868 3310 iner-

1094 3330 1184 3402 tium,
1198 3330 1314 3389 tortasse
1342 3328 1457 3388 librarii
1477 3331 1563 3409 culpa
1580 3334 1666 3393 simul
1688 3358 1756 3397 curn
1772 3360 1806 3397 eo
1818 3342 1869 3417 qui

1094 3420 1189 3478 statim
1201 3420 1345 3496 sequitur,
1359 3417 1420 3498 περί
1434 3418 1533 3487 Φιλίας
1545 3417 1571 3476 α’
1586 3421 1647 3501 (23,
1659 3424 1707 3502 at)
1716 3445 1753 3484 ex
1767 3428 1869 3485 ordine

1095 3520 1189 3567 motus
1206 3520 1268 3578 est,
1296 3527 1385 3584 quum
1407 3519 1517 3565 rectum
1542 3508 1638 3567 locum
1656 3509 1771 3572 obtinet
1791 3517 1867 3594 apud

1094 3598 1279 3670 Anonymum
1297 3593 1369 3673 (ις),
1389 3614 1476 3672 aquo
1490 3597 1587 3656 statim
1607 3600 1794 3678 postlibrum
1809 3603 1867 3682 περὶ

1094 3683 1233 3751 Βασιλείας
1242 3698 1414 3744 recensetur.
1425 3683 1470 3742 Ad
1480 3684 1559 3744 hunc
1569 3685 1678 3745 librum
1684 3689 1784 3767 potins
1799 3710 1864 3768 per·

1092 3774 1328 3835 tinerevidentnr
1342 3793 1407 3851 quae
1418 3772 1494 3832 inira
1504 3775 1694 3854 apposuimus
1709 3777 1867 3852 fragmenta

1092 3879 1178 3937 equam
1195 3861 1230 3918 ad
1251 3861 1352 3920 titulos
1373 3858 1436 3942 περλ
1452 3859 1632 3938 Συμόιιίνσεως
1645 3861 1737 3938 ἀνδρὸς
1756 3864 1801 3922 καὶ
1816 3887 1864 3940 γυ·

266 3977 1493 4019 Ἢ*

250 4052 377 4107 insanium.
389 4060 449 4109 tiam
463 4060 552 4123 qulbus
564 4062 628 4112 mule
640 4064 742 4115 allectus
753 4071 790 4115 est
804 4068 913 4130 animus,
924 4071 970 4121 iltis
979 4087 1028 4125 non

1115 4077 1255 4127 Aristoteles
1268 4079 1428 4140 interrogatus
1444 4077 1509 4140 quod
1526 4076 1714 4141 pulcherrimum
1725 4083 1790 4130 esset
1809 4080 1862 4129 ani·

250 4141 350 4202 divite.
367 4160 418 4196 non
429 4147 512 4207 robur.
527 4162 575 4200 non
588 4151 667 4202 torma
682 4167 726 4217 pro
742 4154 813 4205 lionis
825 4160 901 4207 snut:
917 4160 960 4210 sed
978 4175 1028 4225 qno
1084 4164 1193 4226 matum,
1205 4164 1425 4228 respondttaitomo
1437 4164 1506 4225 curius
1515 4165 1861 4230 animusopttmainstitutione

250 4230 327 4292 magis
346 4238 500 4295 augmentum
518 4239 665 4301 acceperint,
680 4253 710 4290 eo
726 4242 834 4304 ptnribns
847 4247 1029 4312 maioribusque

250 4315 344 4367 damnis
358 4332 521 4382 possessorem
536 4337 608 4374 suum
620 4326 750 4390 mulctant,
766 4331 901 4396 cuicunque
910 4335 962 4384 sine
974 4351 1030 4399 prn-

250 4402 330 4454 ‹tentts
345 4409 497 4460 somnust.

629 4526 653 4571 t.

283 4626 368 4677 Omnis
383 4631 469 4680 natura
481 4645 536 4695 quae
547 4635 728 4688 convenientem
745 4639 917 4695 institutionem
927 4647 1029 4712 accipiat

252 4716 336 4767 melior
350 4717 462 4783 efficitur,
475 4720 517 4770 sed
529 4723 605 4772 mutto
614 4724 719 4776 maxime
735 4741 884 4794 quaecunque
893 4732 925 4782 ab
935 4735 1028 4799 origine

251 4803 336 4854 ceteris
352 4807 515 4868 generosiores
526 4812 611 4859 erant:
626 4809 674 4861 ilice
690 4814 753 4863 enim
766 4817 863 4879 proprio
877 4817 959 4869 labore
977 4833 1027 4870 me-

250 4892 324 4943 liores
337 4891 411 4956 liunt,
424 4893 462 4945 hae
478 4910 535 4946 rem
547 4900 571 4948 et
586 4899 671 4949 ceteris
683 4907 799 4964 praestant
808 4903 887 4955 donis.

289 5114 429 5165 Aristoteles
444 5113 539 5166 dicebat
551 5116 707 5168 eruditionem
719 5119 743 5167 in
752 5119 864 5169 secundis
876 5132 928 5176 esse
944 5120 1032 5186 decus,

252 5202 276 5252 tn
288 5202 397 5254 adversis
407 5201 553 5266 coniugium.

286 5291 450 5343 Erudttlonem
461 5292 579 5356 optimum
593 5292 705 5342 viaticum
714 5292 808 5344 dicebat
823 5309 876 5347 esse
890 5299 1029 5348 senectutis.

1086 4254 1186 4301 meatus
1197 4256 1245 4303 est.
1323 4325 1327 4332 .

1121 4382 1224 4433 Multum
1236 4380 1328 4445 prolicit
1344 4381 1414 4431 nonis
1426 4383 1510 4433 audire
1519 4384 1609 4447 optimu
1621 4386 1645 4436 et
1659 4384 1689 4434 iis
1703 4387 1832 4436 assuefieri.

1116 4511 1221 4572 Rogatus
1236 4519 1285 4570 quo
1300 4505 1423 4556 differrent
1438 4505 1503 4558 docti
1518 4507 1550 4558 ab
1563 4507 1679 4571 indoctis,
1690 4512 1759 4572 Quo,
1777 4511 1862 4575 inquit,

1087 4599 1219 4648 rtreutesa
1235 4595 1344 4646 mortuis.

1117 4729 1231 4777 Parentes
1247 4725 1287 4788 qni
1305 4725 1393 4776 liberos
1410 4726 1554 4777 erudiendos
1568 4731 1708 4791 curassent,
1728 4732 1797 4796 longe
1817 4733 1861 4781 tro·

1087 4814 1242 4864 notabiliores
1266 4827 1318 4863 csse
1338 4813 1367 4863 ils
1385 4813 1427 4878 qul
1448 4815 1528 4865 solum
1548 4816 1707 4879 genuissent:
1731 4818 1777 4869 tius
1796 4820 1858 4870 eninr

1088 4901 1182 4952 vivendi
1196 4903 1289 4951 tantum
1299 4939 1306 4963 ,
1317 4902 1370 4951 illos
1384 4902 1456 4952 etiam
1469 4902 1530 4953 bene
1540 4903 1689 4967 honesteque
1709 4905 1803 4956 risendi
1819 4919 1859 4955 au·

1086 4992 1236 5040 ctoresesse.

1118 5128 1280 5188 interrogatus
1300 5139 1349 5188 quo
1371 5127 1440 5189 paeto
1459 5123 1567 5188 discipuli
1588 5125 1680 5189 egregie
1704 5126 1859 5189 proficerent,

1087 5214 1225 5276 respondit:
1240 5214 1264 5264 si
1284 5214 1460 5276 praestantiores
1471 5215 1640 5276 persequentes
1656 5226 1704 5264 non
1723 5216 1860 5279 exspectent

1085 5298 1209 5352 tardiores.

1970 884 1979 1165 l

1970 1185 1979 1451 l
