3959 5900
817 461 1045 525 DIVISIONES.
1693 474 1732 531 iii

168 600 217 660 xi.
238 598 322 675 Diog.
336 598 371 661 L.
391 596 447 670 ΙΙΙ,
466 598 526 675 89:
546 596 586 656 Τὸ
599 595 695 663 κάλλος
709 596 848 676 διαιρεῖται
869 598 907 663 είς
959 600 1047 679 ψυχῆς
1058 594 1110 677 ἄρα
1131 595 1160 654 τὸ
1172 595 1220 674 μίν
1233 599 1289 656 ίστι
1308 596 1423 675 λογικόν,
1440 596 1507 659 τὀδὲ
1522 600 1638 678 θυμικόν,
1651 601 1681 660 τδ
1703 602 1733 661 δὲ

126 684 202 766 τρία·
215 685 245 745 ἓν
257 684 304 764 μίν
315 686 367 766 γὰρ
377 687 456 744 αὐτοῦ
467 687 536 745 ἐστιν
547 683 696 755 iecorosis,
708 672 787 755 οίονιί,
800 683 843 744 διδ
857 689 905 756 τῆς
960 685 1157 761 ίπιθυμητικύν.

130 773 364 857 θμεωςεύμορφία·
376 771 442 833 ἄλλο
456 770 483 832 di
497 772 658 853 χρηστικόν,
672 760 725 832 οἷον
739 770 849 852 ὄργανον
860 770 905 832 καὶ
999 773 1080 834 xlii.
1094 771 1180 850 Diog.
1204 772 1239 834 L.
1256 776 1310 847 ΙΙΙ,
1324 796 1362 852 90
1375 797 1382 832 ι
1395 777 1451 847 Τῆς
1463 775 1564 842 τιλιίας
1576 779 1669 858 ἀρετῆς
1679 778 1734 849 ιίδη

127 861 199 922 οἰκία
210 861 256 922 καί
271 862 305 922 τθι
323 868 431 922 τοιαῦτα
445 861 509 941 πρὸς
534 859 629 941 χρῆσίν
652 862 708 919 ἔστι
729 859 813 920 καλοί·
829 858 905 919 eidi
960 854 1017 919 ίστί
1032 858 1160 941 τίτταρα·
1174 861 1308 943 φρόνησις,
1324 863 1484 938 δικαιοσύνη,
1499 864 1603 943 ἀνδρεία
1621 866 1666 925 καί
1683 891 1735 927 σω·

128 948 194 1030 πρὸς
211 947 305 1027 νόμους
318 948 364 1008 καί
381 946 580 1025 ίπιτηδιύματα
593 948 639 1007 καὶ
653 946 687 1006 cd
708 953 818 1007 ruscino
842 948 907 1040 πφδς
960 946 1088 1029 φροσύνη.
1103 947 1212 1010 Τούτων
1232 954 1248 1020 ἡ
1268 948 1316 1026 μὲν
1331 950 1453 1033 φρόνησις
1469 950 1540 1011 αἰτία
1553 958 1598 1012 τοῦ
1613 955 1736 1032 πράττειν

129 1035 260 1118 ῶφίλιιοίν
278 1036 333 1098 Ιστι
353 1036 435 1097 καλοί.
456 1038 513 1097 Τοῦ
539 1036 591 1117 ἄρα
606 1036 718 1103 κάλλους
736 1035 768 1095 τδ
788 1034 837 1114 μίν
852 1037 908 1094 ἐστι
960 1037 1043 1115 ὀρθῶς
1056 1035 1088 1095 ri
1102 1035 1260 1118 πράγματα·
1273 1042 1290 1109 ip
1307 1037 1334 1097 di
1350 1037 1501 1111 δικαιοσύνη
1516 1045 1562 1101 τοῦ
1577 1042 1604 1099 ἐν
1615 1053 1672 1111 ταῖς
1686 1066 1737 1103 κοι·

127 1123 192 1205 πρθς
212 1123 331 1201 inerms,
354 1125 385 1185 τδ
410 1125 438 1185 δί
457 1124 523 1206 πρδς
539 1130 648 1207 χρῆσιν,
664 1122 694 1184 εδ
713 1122 740 1183 δί
760 1124 824 1205 πρὸς
838 1123 908 1205 ιὀφί-
961 1124 1065 1192 νωυίαις
1089 1124 1135 1185 καί
1155 1132 1207 1192 τοῖς
1226 1125 1428 1204 συναλλάγμασι
1447 1127 1657 1206 δικαιοπραγεῖν·
1678 1133 1694 1201 ἡ
1713 1131 1736 1188 δ’

125 1218 210 1276 λιιαν.
857 1278 862 1291 ,
962 1212 1067 1295 ἀνδρεία
1087 1217 1134 1272 τού
1147 1215 1174 1273 ίν
1186 1221 1240 1281 τοῖς
1248 1213 1376 1282 κινδύνοις
1389 1216 1433 1274 καὶ
1447 1214 1566 1295 φοθεροῖς
1580 1214 1618 1291 μὴ
1635 1216 1737 1286 ἐξίστα-

166 1301 240 1362 dod.
263 1300 354 1364 Marc.
370 1303 408 1360 62
426 1323 433 1360 z
449 1307 597 1381 Διαιρεῖται
613 1300 643 1360 εδ
659 1299 757 1367 κοίλλος
776 1300 812 1365 είς
830 1297 907 1380 τρία·
961 1307 1022 1361 σθαι
1036 1299 1234 1383 [αοιιῖν],οἰλλθ
1243 1301 1338 1380 με’νειν·
1352 1301 1406 1374 ἡδί
1417 1303 1570 1384 σωφροσύνη
1581 1305 1738 1383 τοῦκρατιῖν

126 1392 155 1452 is
167 1389 215 1467 μίν
221 1388 273 1470 γθρ
283 1390 364 1449 αύτού
375 1389 445 1450 ἐστίν
456 1388 592 1450 ίπαινιτθν
602 1434 611 1464 ,
620 1379 701 1461 οἷονὴ
713 1388 758 1448 διὰ
766 1389 814 1457 τῆς
823 1385 907 1468 ὅψεως
960 1392 1012 1448 τῶν
1036 1393 1179 1468 ἐπιθυμιῶν
1192 1389 1237 1448 καί
1252 1389 1303 1450 ύπδ
1320 1391 1451 1469 μηδεμιᾶς
1463 1392 1559 1465 ἡδονῆς
1572 1391 1736 1467 δουλοῦσθαι,

127 1477 270 1561 εὐμορφία·
282 1476 348 1539 ἄλλο
366 1475 394 1536 δΙ
410 1477 569 1559 χρηστικόν,
583 1467 636 1535 οἷον
654 1477 763 1555 ὄργανον
775 1474 822 1535 καί
838 1473 907 1535 οίκία
960 1474 1030 1538 ἄλλα
1052 1476 1168 1555 κοσμίως
1179 1481 1240 1550 ζῆν.
1256 1480 1418 1558 Τηςδριτῆς
1430 1478 1525 1560 ἄρατὸ
1539 1479 1587 1557 μέν
1603 1482 1659 1539 ἐστι
1671 1480 1738 1563 φρό-

126 1567 173 1628 καί
190 1565 226 1626 τδ
248 1570 358 1626 τοιαῦτα
382 1565 447 1647 πρὸς
468 1565 627 1647 χρῆσίνείσι
640 1564 723 1624 καλοί·
738 1562 773 1621 cd
795 1562 823 1621 θλ
843 1563 908 1643 πρὸς
960 1587 1042 1637 νησις,
1057 1565 1122 1624 ἄλλο
1136 1565 1301 1643 dotciacum,
1312 1565 1399 1646 τρίτον
1410 1566 1528 1648 ἀνδρεία,
1543 1566 1667 1647 τέταρτον
1679 1591 1739 1628 σω·

127 1655 266 1737 ὠφίλειαν,
280 1645 334 1714 οἷον
346 1653 424 1731 νόμος
434 1654 520 1722 ,καλὸς
536 1654 582 1714 καί
598 1651 795 1729 ἐπιτηδεύματα
809 1650 855 1723 καί
875 1651 908 1709 ei
961 1649 1089 1731 φροσύνη,
1507 1654 1509 1659 “

127 1748 236 1804 τοιαῦτα
251 1742 315 1823 πρὸς
334 1741 462 1824 ῶφίλιιοίν
478 1746 529 1802 είσι
541 1739 622 1801 καλοί.
1002 1739 1075 1802 cod.
1091 1740 1182 1801 Marc.
1204 1762 1221 1799 a
1239 1762 1246 1797 ι
1263 1745 1411 1820 Διαιρεῖται
1424 1745 1442 1813 ἡ
1457 1741 1536 1819 ἀρετὴ
1551 1744 1588 1809 είς
1607 1742 1739 1825 τέσσαρα·

168 1833 233 1893 ΧΙΙ.
253 1831 341 1908 Diog.
356 1832 390 1892 L.
405 1832 461 1903 ΙΙΙ,
477 1851 515 1908 9⁰
535 1852 541 1887 :
559 1828 594 1889 ‘fl
617 1827 690 1910 ψυχὴ
714 1827 854 1907 διαιρεῖται
873 1828 908 1894 τίς
960 1828 1016 1887 ἔστι
1042 1830 1092 1909 γὰρ
1114 1831 1194 1899 αὐτῆς
1213 1828 1240 1888 ἓν
1256 1828 1303 1906 μὲν
1320 1829 1456 1911 φρόνησις,
1474 1829 1502 1889 ἓν
1524 1830 1552 1891 δὲ
1575 1829 1740 1906 δικαιοσύνη,

126 1919 201 1999 τρία·
212 1919 243 1978 τὸ
264 1917 312 1995 μὶν
323 1918 374 1997 γὰρ
397 1920 478 1991 αὐτῆς
489 1921 545 1977 icti
563 1918 684 1995 λογικόν,
699 1915 764 1975 τὸδ’
778 1915 908 1993 ίπιθυμη·
961 1915 988 1974 ἓν
1001 1917 1028 1975 di
1043 1915 1162 1997 ἀνδρεία,
1177 1915 1204 1975 ἓν
1220 1914 1248 1975 θλ
1263 1919 1430 1998 σωφροσύνη.
1442 1915 1524 1979 Ἐστι
1541 1917 1568 1976 δὲ
1585 1918 1663 1995 ἡμίν
1677 1921 1739 2000 φρύ·

127 2007 213 2084 τυιύν,
228 2006 259 2066 τδ
272 2004 301 2066 di
312 2006 434 2083 θυμικόν.
452 2004 560 2067 Τούτων
575 2002 603 2064 δὲ
615 2003 646 2064 τδ
659 2004 707 2083 μίν
719 2001 825 2081 λογικόν
838 2003 908 2061 ἐστιν
960 2026 1035 2074 νησις
1055 2005 1081 2063 ἐν
1096 2006 1134 2083 τῷ
1148 2005 1329 2086 λογιστικῶ,η
1348 2003 1375 2065 δί
1394 2005 1546 2077 δικαιοσύνη
1557 2008 1583 2065 ἐν
1603 2015 1669 2067 πᾶσι
1679 2007 1737 2067 τού·

126 2096 211 2156 αίτιον
224 2102 270 2156 τοῦ
280 2093 450 2175 βωλούισθαι
465 2092 511 2153 καί
527 2093 676 2172 λογίζεσθαι
689 2091 736 2153 καί
751 2092 908 2151 διανοιῖσθαι
959 2112 1013 2159 τοις
1025 2099 1079 2160 τοῖς
1094 2091 1185 2171 μέρεσι
1200 2092 1330 2170 γίγνεται,
1346 2097 1362 2165 ἡ
1377 2092 1404 2151 δὲ
1415 2093 1520 2172 ἀνδρεία
1534 2096 1561 2153 ἐν
1574 2098 1612 2175 τῷ
1625 2098 1739 2176 θυμικῶ,

124 2184 228 2244 καὶτῶν
237 2183 361 2244 τοιούτων
373 2182 492 2243 ποίντων·
502 2180 532 2241 πθ
544 2183 567 2240 δ’
576 2178 764 2257 ἐπιθυμητικὸν
774 2178 908 2259 μίροςτῆς
960 2181 1019 2250 ἡδὲ
1035 2179 1190 2262 σωφροσύνη
1206 2182 1233 2238 ίν
1252 2184 1290 2261 τῷ
1305 2182 1497 2261 ἐπιθυμητικῷ.
1509 2183 1565 2253 Τῆς
1581 2186 1675 2261 ἀρετῆς
1689 2183 1740 2263 ἄρα

124 2274 211 2351 ψυχῆς
225 2274 295 2330 ἐστιν
310 2269 392 2330 αἴτιον
403 2273 449 2329 τοῦ
459 2270 594 2345 ἐπιθυμεῖν
610 2275 702 2349 φαγεῖν
714 2266 819 2326 καὶτοῦ
834 2268 907 2337 πλη·
960 2267 988 2328 ἓν
999 2268 1047 2346 μίν
1062 2271 1117 2328 ἐστι
1133 2268 1268 2349 φρόνησις,
1286 2266 1313 2327 ἓν
1326 2268 1353 2327 di
1366 2269 1530 2342 δικαιοσύνη,
1545 2269 1572 2328 ἓν
1584 2270 1611 2330 δὲ
1624 2271 1739 2350 σἰνδρείσ,

125 2360 218 2420 σιοίσαι
236 2359 281 2418 καὶ
294 2361 345 2418 τῶν
361 2356 485 2418 τοιούτων
499 2357 616 2417 πάντων.
640 2354 681 2417 Τὸ
693 2353 720 2414 ii
732 2351 841 2430 θυμικὸν
855 2352 905 2431 με’·
959 2355 987 2416 ἓν
998 2356 1025 2417 δΙ
1037 2354 1203 2438 σωφροσύνη.

125 2470 167 2527 ρος
177 2445 259 2506 αίτιόν
274 2447 331 2505 ἐστι
342 2451 388 2506 τοῦ
402 2451 506 2527 θαρρεῖν
520 2446 567 2505 καί
577 2445 686 2517 ἥδεσθαι
698 2443 744 2504 καὶ
766 2443 905 2503 λυπεῖσθαι
999 2444 1073 2505 xiv.
1090 2445 1178 2521 Diog.
1196 2444 1292 2505 Lauri.
1309 2447 1363 2518 ΙΙΙ,
1378 2466 1413 2522 91
1425 2467 1444 2525 ,ι
1461 2442 1496 2507 ἸΙ
1510 2443 1580 2525 α’ργὴ
1596 2445 1737 2525 διαιρεῖται

124 2535 169 2594 καὶ
183 2534 340 2614 ὀργίζεσθαι.
356 2537 414 2607 Ἰῗης
425 2534 478 2615 ἄρα
493 2537 578 2616 ψυχῆς
593 2535 649 2593 ἐστι
668 2532 700 2592 τὸ
719 2530 767 2609 μίν
784 2533 900 2609 λογικόν,
961 2536 998 2604 εἰς
1009 2532 1077 2614 με’ρη
1091 2532 1178 2591 πέντε·
1190 2531 1218 2591 ἓν
1232 2530 1280 2608 μὲν
1295 2533 1330 2599 είς
1348 2533 1378 2592 cd
1392 2533 1462 2592 κατθ
1475 2532 1565 2608 νόμον,
1580 2531 1608 2592 ἓν
1619 2533 1643 2592 δ’
1656 2535 1693 2601 τίς
1706 2536 1736 2592 τὸ

124 2623 154 2683 τὸ
168 2623 195 2684 di
215 2623 411 2702 ίπιθυμητικύν,
420 2622 451 2683 τὸ
464 2623 492 2682 δί
506 2622 625 2698 θυμικόν.
959 2620 1030 2681 κατδ
1042 2621 1131 2701 φύσιν,
1143 2618 1170 2680 ίν
1189 2619 1211 2678 δ’
1234 2622 1270 2687 είς
1283 2619 1314 2678 τὸ
1328 2621 1389 2679 κατ’
1405 2619 1471 2694 ἔθος,
1479 2619 1603 2703 τέταρτον
1618 2622 1641 2679 δ’
1658 2624 1694 2688 εἷς
1708 2622 1738 2680 τδ

164 2710 236 2771 sod.
255 2709 348 2771 Marc.
371 2732 383 2768 1
400 2733 407 2767 ι
423 2714 571 2791 Διαιρεῖται
587 2713 604 2778 ἡ
619 2707 692 2787 ψυχὴ
707 2711 743 2773 είς
756 2707 829 2788 τρία·
849 2707 906 2768 ίστι
958 2706 1028 2768 κατδ
1048 2706 1129 2785 γένος,
1141 2705 1261 2785 πέμπτον
1281 2706 1305 2765 δ’
1316 2709 1352 2776 είς
1365 2706 1396 2767 τδ
1410 2706 1480 2767 κατὰ
1498 2708 1618 2787 βίαν.οί
1633 2706 1681 2784 pais
1695 2701 1739 2768 σύν

124 2796 176 2878 γδρ
191 2799 273 2870 nicia
283 2797 311 2856 ἓν
324 2797 372 2874 μίν
385 2796 545 2875 λογιστικόν,
561 2796 588 2855 ἓν
601 2794 629 2854 δὲ
641 2795 758 2871 θυμικόν,
771 2794 833 2855 iudi
844 2798 906 2856 ίπι-
961 2798 987 2855 ἐν
1000 2803 1056 2862 ταῖς
1067 2794 1174 2854 πολεσιν
1193 2794 1317 2875 ἄρχοντες
1331 2795 1383 2856 ύπθ
1394 2799 1446 2856 τῶν
1460 2799 1573 2857 πολιτῶν
1587 2796 1653 2856 ίπδιν
1665 2799 1740 2877 αίρε-

123 2885 280 2965 θομητικόν.
292 2882 372 2944 Ἔστι
383 2883 410 2942 δὲ
425 2882 513 2961 τὸμὲν
527 2882 684 2962 λογιστικὸν,
697 2874 719 2966 ᾧ
733 2885 905 2961 λογιζόμεθα·
960 2886 1037 2956 θῶσι,
1053 2882 1123 2942 κατθι
1138 2882 1218 2961 νόμον
1233 2883 1374 2964 ἄρχουσιν·
1388 2886 1412 2943 οἱ
1428 2882 1455 2944 δί
1473 2883 1542 2944 κατὰ
1553 2884 1641 2966 φύσιν,
1655 2888 1679 2945 oi
1692 2886 1740 2967 ἄρ-

125 2975 157 3034 τδ
178 2971 419 3049 δΙίπιθυμητικδν,
430 2963 452 3054 ᾧ
462 2972 508 3041 τδς
520 2972 656 3049 ἐπιθυμίας
668 2974 904 3051 ἅναλαμύύνομεν·
960 2994 1041 3044 τινες,
1053 2973 1082 3029 οὗ
1102 2969 1180 3048 μόνον
1195 2972 1222 3030 ίν
1243 2972 1294 3039 τοῖς
1317 2971 1473 3053 ἀνθρώποις,
1498 2973 1567 3034 ἀλλὰ
1583 2973 1628 3031 καὶ
1641 2975 1668 3032 ἐν
1687 2982 1740 3040 τοῖς

123 3060 194 3123 τὸδθ
209 3062 332 3138 θυμικὸν,
346 3050 532 3141 ᾧθυμούμεθα
546 3059 592 3120 καί
605 3060 761 3140 ὀργιζόμεθα
778 3062 824 3120 καὶ
841 3067 903 3142 θαρ·
960 3058 1063 3139 σἰλύγοις
1076 3057 1163 3141 ζῴοις·
1175 3059 1219 3118 ἐπὶ
1230 3060 1296 3120 πολὺ
1311 3059 1361 3141 γθιρ
1376 3066 1512 3141 πανταχοῦ
1527 3060 1561 3120 τθι
1575 3060 1673 3143 οίρσινα
1686 3066 1739 3122 τῶν

124 3140 221 3228 cuipas
235 3147 281 3208 καὶ
293 3146 445 3226 ἀμυνόμεθα
459 3149 505 3208 καὶ
521 3147 554 3208 τθι
569 3149 638 3208 ἄλλα
661 3147 696 3206 τθι
709 3154 829 3210 τοιαῦτα.
846 3151 904 3221 Τῆς
957 3151 1067 3221 θηλιιῶν
1082 3148 1168 3229 ἄρχει.
1178 3146 1251 3210 Ἦδθ
1263 3154 1308 3209 τοῦ
1326 3152 1385 3208 κατ’
1398 3148 1453 3218 ἔθος
1464 3148 1534 3229 ἀρχὴ
1548 3149 1656 3224 τοιαύτη
1668 3149 1738 3209 ἐστὶν

153 3370 196 3419 11.
221 3368 426 3422 Pulchritodincm
442 3370 467 3420 iu
488 3369 535 3421 trin
553 3368 679 3434 distinguit
698 3390 705 3420 ι
722 3370 794 3420 eiiam
818 3370 907 3434 quippe
958 3370 1120 3422 tmoiuationis
1130 3374 1168 3422 est
1183 3370 1302 3434 particeps
1316 3383 1345 3420 en
1357 3372 1396 3421 ast
1410 3370 1617 3435 quamgitarnua;
1629 3384 1685 3436 φια
1695 3383 1739 3422 cu·

122 3468 178 3508 case
192 3456 349 3520 iaudahiicm,
361 3460 390 3508 ut
402 3458 532 3508 formosam
543 3456 628 3508 inciam
635 3474 644 3520 ς
653 3457 725 3510 aiiaau
740 3471 838 3523 quoque
851 3460 905 3509 naui
958 3457 1104 3522 piditatiaen
1114 3470 1163 3523 qna
1172 3458 1297 3523 cupimus,
1305 3470 1362 3523 qua
1370 3458 1431 3521 iria,
1442 3471 1471 3509 oa
1479 3471 1527 3522 qua
1535 3459 1671 3520 irascimur,
1678 3472 1737 3510 oon·

123 3543 261 3607 desereire,
277 3546 305 3594 ut
327 3545 515 3595 imtmmonmm
534 3547 559 3596 et
572 3544 673 3596 domum
688 3548 713 3597 ot
731 3546 778 3597 aiis
796 3546 905 3608 eiusdem
957 3545 1069 3610 θιίίιαοι,
1080 3560 1126 3598 noa
1141 3547 1292 3599 defendimus
1305 3550 1330 3598 et
1339 3547 1385 3598 aiia
1396 3547 1490 3599 similia.
1507 3551 1569 3610 arpo
1580 3548 1668 3600 ααίοιιο
1680 3560 1738 3611 paro

123 3630 234 3695 pueris,
245 3642 301 3693 qum
312 3632 472 3694 preterquam
483 3630 549 3694 quod
560 3631 670 3694 speciosa
679 3635 746 3692 aunt,
758 3632 844 3684 usibus
853 3646 896 3684 uo·
957 3646 1007 3685 nna
1018 3636 1056 3685 nat
1072 3634 1258 3686 ntiocurationis
1271 3635 1404 3699 particeps,
1419 3636 1495 3686 altera
1505 3633 1656 3699 cupiditatis,
1667 3634 1737 3686 tertia

122 3714 590 3776 smcmmmodnenammncteniam
600 3716 693 3781 iambus
703 3718 837 3782 studisque
845 3732 904 3770 con·
956 3721 1009 3774 irm
1170 3761 1174 3766 .

120 3805 198 3865 stare,
211 3801 354 3864 umquem
365 3803 491 3854 οίίίῖίαίοω
503 3803 629 3866 pulchram
641 3818 704 3855 osse.
715 3805 906 3856 Pulchritudinia
987 3811 1055 3860 Χίίί.
1079 3810 1196 3862 Perfecta
1213 3812 1434 3874 consummataque
1453 3809 1549 3859 virtutis
1568 3822 1624 3860 osae
1645 3809 1738 3872 species

120 3890 285 3954 igiturpcaua
298 3889 411 3938 unumad
425 3889 534 3950 ίααθοτο,
550 3890 652 3942 aiterum
668 3891 698 3940 nd
710 3893 904 3953 usum,tartium
957 3899 1082 3960 οααίίσοτ,
1095 3899 1196 3963 primam
1209 3897 1376 3961 prudentiam,
1393 3896 1523 3948 mundam
1537 3895 1672 3957 iustitiam,
1687 3895 1737 3946 ior·

120 3977 154 4029 ad
168 3976 297 4028 diffluum
307 3974 418 4027 Marini·
959 3985 1088 4038 titudinem
1107 3987 1218 4049 tertiam,
1236 3987 1345 4049 quarum
1365 3985 1555 4050 temperantiam.
1568 3987 1605 4034 Ex
1622 3984 1659 4034 iria
1678 3997 1736 4047 pru·

152 4071 194 4118 οα.
216 4063 373 4116 Puioimitudo
384 4064 410 4115 in
424 4065 469 4116 irin
483 4064 616 4116 diuiditur:
632 4079 708 4118 unum
719 4066 771 4129 ejus
785 4067 905 4119 landabile
959 4075 1066 4126 umnam
1084 4077 1111 4124 ut
1125 4076 1191 4125 recta
1209 4076 1310 4138 upum
1320 4073 1401 4124 omnia
1419 4085 1518 4124 musam
1535 4071 1735 4134 asne31'uatiiiam

120 4156 161 4206 esi
172 4155 201 4205 ⁰¹
219 4152 326 4204 sm
337 4152 425 4214 ίὸᾱθίι
439 4153 541 4205 tliefflm
554 4153 585 4203 td
600 4164 673 4205 ΜΒ
686 4155 808 4218 demit.
823 4162 851 4206 ¹¹²
867 4156 903 4207 in·
955 4176 1015 4215 raro
1029 4164 1091 4215 inter
1102 4163 1220 4214 consortia
1235 4161 1381 4214 etiamnum
1396 4161 1452 4212 vitm
1463 4160 1608 4211 commercia
1619 4173 1668 4211 nou
1681 4158 1734 4210 rio·

121 4241 295 4310 sommum,
308 4241 396 4292 nomm
404 4244 430 4293 u
438 4241 525 4293 omitia
536 4255 591 4307 quc
603 4243 702 4307 υνίιίνι
713 4246 771 4294 aaut
780 4244 811 4293 m
821 4257 901 4296 orm.
955 4251 1021 4303 ianm
1032 4251 1094 4314 jum
1105 4264 1159 4302 urm
1177 4253 1314 4312 amtorem
1330 4248 1497 4301 ωνιῑωοιαοω
1509 4249 1605 4311 mum,
1620 4260 1652 4298 oe
1671 4247 1735 4297 inm

121 4330 230 4382 Tertium
251 4328 283 4379 ad
301 4329 437 4394 utilitatem,
451 4331 479 4380 ut
492 4331 530 4381 ier
549 4330 649 4394 pulchra
666 4334 692 4383 et
711 4332 833 4393 ίοιίίίοία,
848 4343 904 4395 qum
955 4339 1097 4405 ρωωιηι
1113 4337 1347 4390 commotorum
1358 4335 1609 4402 cmptiadeticinmua,
1623 4333 1666 4386 aad
1685 4347 1738 4385 σοι·

123 4417 223 4482 pnichra
237 4419 294 4467 sunt
310 4416 341 4466 ad
357 4417 491 4469 utilitatem
955 4427 1088 4490 cinnamum
1098 4440 1171 4491 porro
1184 4426 1365 4491 temperantiam
1385 4424 1416 4474 ad
1435 4423 1562 4475 frenandas
1578 4422 1734 4487 cupiditates,

153 4507 211 4556 xli
227 4504 322 4555 Anima
340 4507 390 4556 tres
410 4508 491 4570 partes
508 4518 576 4569 mse,
595 4517 699 4571 quarum
719 4519 767 4557 una
785 4506 905 4559 contineat
955 4519 983 4567 nt
998 4528 1014 4565 a
1027 4515 1092 4566 nulia
1106 4515 1228 4580 voiuptato
1243 4511 1557 4578 commmunicando
1571 4513 1597 4563 ct
1608 4511 1737 4562 iiberaliier

123 4592 344 4655 νιθοσῖαοίίοαοω,
362 4592 438 4643 altera
455 4593 624 4658 cupidiisiwt.
638 4595 708 4645 tertis
724 4595 793 4649 irim·
809 4597 846 4646 Εἰ
867 4594 905 4645 hia
957 4604 1076 4654 visamus.
1092 4603 1194 4654 virtutis
1214 4603 1285 4667 igitur
1304 4614 1352 4652 una
1370 4614 1427 4665 para
1447 4603 1485 4651 ast
1503 4598 1644 4665 prudentia,
1662 4599 1738 4651 altera

124 4683 206 4731 autem
225 4680 429 4732 ratiocinationem
441 4695 538 4733 causum
553 4696 608 4734 case
623 4683 730 4747 consilii,
740 4683 904 4748 cogitationis,
954 4690 1061 4753 jmtitia,
1077 4690 1147 4741 tortia
1158 4688 1285 4749 iortitudo,
1296 4692 1381 4752 quartu
1392 4687 1558 4752 temperantia

125 4769 307 4820 consultationis
317 4773 342 4820 ot
358 4769 495 4832 hujusmodi
510 4772 670 4836 reliquorum
683 4771 838 4836 cupiditatem
850 4784 905 4824 csse
987 4785 1012 4829 a.
1028 4777 1111 4829 virtus
1134 4778 1159 4828 in
1170 4780 1284 4841 quattuor
1303 4776 1442 4828 dividiturz
1463 4775 1528 4826 iiiius
1545 4774 1609 4826 onim
1626 4786 1683 4838 pars
1699 4776 1736 4824 eat

127 4857 254 4923 appetendi
265 4857 311 4910 cibi
329 4860 368 4911 rai
387 4860 466 4911 cuitus
477 4862 503 4911 et
517 4861 632 4912 similium
645 4874 758 4923 causam
772 4861 834 4912 iram
846 4874 905 4912 vcro
956 4866 1094 4932 prudentia,
1104 4847 1160 4930 pars
1171 4865 1277 4927 iustitia,
1291 4877 1348 4933 pars
1358 4863 1486 4927 tortitudo,
1497 4876 1553 4927 pars
1569 4861 1734 4927 ternparautia·

125 4945 285 5010 confidentiae,
297 4949 433 5013 voluptatis,
439 4948 530 5000 doioris
542 4952 567 5000 et
575 4949 704 5001 iracundia
710 4951 833 5001 auctorem
842 4962 904 5001 csse.
959 4955 1087 5007 Prudentia
1103 4954 1155 5017 aius
1168 4955 1207 5005 eat
1216 4953 1290 5018 partis
1299 4965 1355 5017 qum
1365 4951 1550 5004 ratiocinationis
1559 4943 1678 5015 particeps
1689 4950 1736 5008 0⁵¹2

128 5036 190 5099 Εηςο
200 5035 288 5087 animo
300 5050 356 5101 pars
368 5051 416 5088 una
431 5040 469 5089 cat
486 5038 671 5090 ratiocinationis
685 5039 817 5103 particeps,
831 5038 905 5089 altera
955 5038 1048 5101 iustitia
1064 5037 1090 5088 in
1107 5036 1220 5087 omnibus
1238 5036 1275 5085 irio
1290 5036 1397 5101 partiaria
1411 5036 1529 5100 gigniturp
1543 5026 1658 5085 mmtodo
1672 5030 1696 5080 iu
1708 5043 1735 5078 oa

127 5122 276 5187 ωρίςίίωιία,
291 5125 361 5177 νηοί.
374 5126 430 5178 im,
958 5129 1026 5190 parte
1036 5137 1092 5190 qum
1102 5126 1221 5190 particeps
1236 5129 1273 5175 ost
1287 5123 1512 5189 imcomparandi
1526 5133 1584 5171 vero
1595 5119 1620 5169 in
1635 5130 1663 5168 oa
1680 5129 1736 5180 οντα

162 5214 184 5259 ί.
205 5208 325 5260 dividitur
338 5212 418 5262 anima
431 5212 455 5263 in
467 5215 517 5263 tros
531 5216 630 5278 parics:
646 5226 693 5264 uua
704 5213 768 5263 cuim
785 5216 823 5264 cst
836 5212 906 5263 ratio
957 5213 1103 5277 cupiditatis.
1119 5214 1224 5264 virtutis
1242 5212 1312 5277 igitur
1332 5215 1413 5277 paries
1431 5213 1488 5263 aunt
1505 5206 1651 5275 prudentiae
1666 5204 1735 5267 iusti·

129 5295 255 5347 o’oationis
267 5299 396 5364 particeps,
405 5300 480 5351 altera
490 5284 635 5365 cupiditatis,
647 5300 716 5352 tertia
729 5299 781 5351 ira,
792 5303 853 5360 Quo
865 5312 904 5350 rn·
958 5301 1005 5362 tia,
1024 5301 1153 5364 tortitudo,
1165 5301 1330 5366 temperantia.

203 5396 373 5437 sursrorrurs.
390 5403 445 5438 rou.
463 5403 498 5441 ιν.
1630 5375 1644 5424 7
