3959 5900
818 502 983 566 IithOGl.

353 620 355 624 ’
430 631 555 707 atus

140 772 245 831 Athen.
258 769 347 849 Epit„
357 769 381 843 i,
395 790 427 849 p.
443 771 472 844 6,
486 769 511 827 D
526 790 534 826 t
549 763 639 828 Ἄλλοι
654 766 681 826 δέ
696 766 815 848 ρίλιχόυν
830 765 873 824 τόν

98 857 241 927 ΦιλοἜενόν
268 879 358 937 φασιν.
394 855 630 935 Ἀριστοτέλης
657 852 685 913 δέ
712 854 875 935 φιλόδειπνον

102 943 248 1019 όιπλῶς,δς
268 945 314 1003 καί
336 942 430 1025 γρόριι
453 966 504 1003 που
516 950 610 1005 ταῦτα·
631 971 644 997 ι
661 947 876 1022 Δημηγοροῦντες

101 1039 129 1096 έν
140 1035 194 1100 τοῖς
204 1031 294 1112 όχλοις
313 1030 514 1113 κατατρίόουσιν
527 1032 590 1106 όλην
604 1030 652 1103 τὴν
665 1028 767 1112 ἡμέραν
783 1031 809 1089 έν
823 1033 876 1096 τοῖς

102 1120 221 1196 θαύμασι
234 1118 280 1178 καί
294 1118 359 1198 πρὸς
375 1117 436 1188 τοὺς
456 1122 486 1179 ln
507 1123 552 1179 τοῦ
571 1119 689 1185 Φάσιδος
705 1116 722 1189 ἢ
746 1116 876 1199 Βορυσθέ-

101 1232 160 1274 νους
171 1206 377 1280 καταπλέοντας,
390 1207 563 1285 ἀνεγνωκότες
574 1206 646 1266 οὖδίν
660 1205 729 1296 πλὴν
743 1208 766 1264 ti
778 1204 808 1265 τό
823 1208 879 1266 Φι-

98 1295 203 1365 λοξένου
219 1298 331 1356 Δεῖπνον
344 1297 399 1356 οὔδ’
413 1293 485 1358 όλον.

428 1471 457 1511 a.
479 1450 556 1529 (bl.)

140 1608 255 1678 Athen,
275 1607 357 1679 Vlll‚
373 1629 402 1687 p.
424 1609 493 1681 335,
508 1607 530 1665 F
546 1629 552 1665 :
569 1606 604 1668 Ti
614 1606 664 1687 γδρ
676 1609 727 1666 τῶν
745 1608 880 1688 έπιτρίψαι

100 1695 252 1775 δυναμένων
270 1696 415 1774 παρέλιπον
433 1699 447 1755 b
462 1696 541 1763 καλός
558 1687 631 1762 οὗτος
658 1695 778 1762 ίποποιδς
803 1694 881 1774 (Ἀρ-

99 1785 247 1864 χέστρατος
268 1784 351 1862 scii.)
377 1783 422 1842 καί
439 1784 515 1862 μόνος
537 1782 656 1857 ζηλώσας
674 1783 718 1842 τδν
742 1782 880 1861 Σαρδανα-

100 1874 203 1933 πιίλλου
217 1877 263 1931 τοῦ
278 1871 512 1953 Ἀνακυνδαράξεω
528 1872 605 1953 βίον,
617 1872 645 1931 δν
667 1869 880 1951 ἀδιανοητότερον

100 1952 168 2020 tiras
191 1961 260 2021 narb
281 1959 329 2032 τὴν
353 1961 530 2042 προσηγορίαν
553 1967 598 2021 τοῦ
620 1960 718 2041 πατρός
732 1959 881 2038 Ἀριστο·

99 2051 135 2108 τέ
142 2052 201 2122 λης
223 2049 284 2129 έρη.
302 2042 408 2131 Ἐρόὗ
432 2055 478 2110 τοῦ
498 2050 581 2129 reipsa
603 2048 793 2128 έπίγτγρόρόαι
811 2048 877 2129 ρασί

104 2140 259 2222 Χρύσιππος
273 2141 345 2202 τόδε·

151 2274 185 2325 Εὖ
195 2277 262 2331 εἰδὼς
275 2277 311 2326 δτι
320 2276 400 2333 θνητὸς
413 2275 466 2336 lpus
478 2273 518 2323 τὸν
532 2274 603 2336 θυμὸν
616 2274 675 2329 icit.

152 2346 217 2395 Kria'
229 2346 278 2409 έχω
288 2344 344 2395 boo*
356 2345 490 2406 ίραγονιιαί
503 2343 626 2407 έριίδρισα,
637 2344 677 2391 καὶ
688 2343 733 2392 σὺν
745 2342 813 2404 ἔρωτι

147 2416 233 2479 Τέρπν’
244 2416 338 2465 laubos·
350 2415 380 2463 τὰ
389 2414 498 2464 δδπολλόι
508 2415 549 2462 καί
560 2413 710 2462 ὄλδιαπόντα
719 2414 825 2463 λέλυνται
830 2448 878 2461 .....

142 2531 247 2590 Cicero
258 2530 402 2608 Disputat.
414 2527 549 2603 Tuscul„
562 2526 597 2601 V,
614 2528 650 2584 35
668 2548 675 2583 ι
691 2530 738 2584 Ea
752 2531 880 2602 quoSar·

100 2624 242 2696 danapali
261 2622 460 2695 opulentissimi
486 2618 578 2688 Syriae
598 2622 671 2691 regis
693 2635 771 2671 error
793 2634 880 2688 agno·

100 2718 198 2780 scitur,
210 2714 257 2784 qui
268 2710 356 2763 incidi
363 2711 448 2779 jussit
460 2710 488 2760 in
506 2707 584 2760 burto
597 2723 606 2758 .·

164 2843 224 2891 Haeo
235 2839 313 2889 haheo
324 2851 379 2900 uuae
392 2835 432 2888 edi
447 2849 551 2900 qttaaque
562 2836 701 2886 exsaturata
715 2834 789 2884 libido

166 2910 254 2962 Haesit
264 2928 271 2959 :
280 2910 306 2959 at
314 2907 355 2958 ilia
365 2909 445 2971 jacent
455 2906 532 2957 multa
541 2906 565 2957 et
578 2905 693 2970 praeclara
704 2905 795 2956 relicta.

103 3031 181 3104 Quid
190 3029 281 3097 alind,
292 3032 382 3101 inquit
396 3026 568 3092 Aristoteles,
586 3030 614 3080 in
630 3026 713 3095 boris,
730 3044 785 3081 non
800 3029 881 3081 inre-

102 3127 158 3194 gis,
179 3120 304 3193 sepulcro
329 3112 512 3170 inscriberesl
532 3115 601 3170 Hac
624 3113 731 3169 babere
755 3133 785 3170 se
809 3134 882 3171 ntor-

103 3220 182 3263 tuum
199 3208 271 3273 dicit,
292 3223 356 3279 ηοω
369 3221 406 3259 ne
419 3208 497 3258 uirus
512 3203 622 3277 quidem
638 3204 738 3259 diutim
759 3203 883 3261 babebat

104 3322 189 3377 qnam
202 3298 365 3372 fruebatur.
388 3296 433 3355 Cf.
456 3296 493 3354 de
515 3292 636 3354 Finibus
660 3294 700 3368 ll,
719 3296 769 3368 32,
795 3298 879 3356 ‚1062

104 3393 234 3465 Corporis
252 3400 345 3443 autem
360 3388 493 3461 uoluptas
505 3389 531 3439 si
543 3389 627 3440 etiam
639 3391 786 3459 preterita
804 3388 881 3442 clele-

103 3491 172 3544 ctat,
192 3496 248 3532 non
276 3477 401 3548 intelligo
431 3493 481 3529 eur
504 3473 664 3530 Aristoteles
688 3474 883 3549 Sardanapali

103 3572 280 3640 epigramma
294 3575 374 3618 tanto
387 3580 470 3635 opere
485 3562 630 3633 derideat,
647 3565 675 3614 in
696 3580 749 3634 quo
767 3564 818 3617 ille
830 3582 883 3617 rer

103 3655 195 3724 Syrioe
213 3655 349 3726 glorietur
368 3669 398 3705 se
413 3667 509 3704 omnes
528 3667 620 3703 secum
637 3649 782 3705 libidinum
800 3653 884 3706 vobr-

102 3752 199 3814 ptates
217 3739 372 3792 abstulisse.
391 3737 474 3805 Quod
486 3740 559 3789 enirn
572 3753 607 3788 ne
618 3741 695 3791 uivus
706 3739 828 3811 quidem,
842 3743 884 3792 in·

104 3834 174 3902 quit,
187 3827 289 3878 diutius
302 3827 404 3877 sentire
420 3833 535 3895 poterat
546 3840 630 3894 qnam
644 3824 710 3878 dum
720 3821 881 3893 fruebatur,

103 3934 160 3990 qno
172 3914 255 3968 modo
267 3912 299 3964 id
303 3915 396 3984 potuit
404 3921 510 3964 mortuo
516 3913 705 3982 permanere?

148 3998 232 4059 Alias
251 3997 460 4074 inscriptiones
478 4014 495 4054 e
515 3994 655 4053 Clearcho
674 3996 734 4076 περὶ
749 3996 820 4056 Βίων
838 3999 884 4056 ai-

106 4090 162 4147 lert
187 4085 353 4155 Athenaeus,
376 4081 446 4153 XH,
469 4103 498 4160 p.
526 4081 596 4160 529,
621 4087 688 4142 Aet
712 4103 749 4142 ex
766 4085 885 4144 Aristo-

1665 507 1705 568 59

927 627 1001 685 duos
1018 647 1090 685 vcro
1109 647 1183 704 quos
1198 628 1296 687 laudat
1307 627 1411 687 Cicero
1425 647 1516 704 graece
1532 632 1573 687 ita
1585 628 1706 689 exhibet

928 714 1046 788 Strabo,
1062 714 1139 786 liv,
1161 736 1193 794 p.
1208 717 1265 788 672
1282 740 1289 773 ι
1307 715 1362 774 Καί
1380 714 1413 787 δὴ
1428 714 1474 774 καί
1488 713 1656 796 περιφέρεται
1669 714 1704 774 τό

930 801 981 875 έπη
997 802 1082 860 ταυτί·

990 931 1065 980 Ταῦτ’
1077 932 1126 995 ἔχω
1138 931 1192 981 ὅσα·
1203 931 1290 995 ipsios
1302 933 1342 981 καί
1354 933 1513 995 laudunensi
1523 933 1574 994 μετ’
1584 934 1669 998 ἔρωτος

992 1001 1077 1064 'ripas'
1085 1002 1185 1050 ίταδον·
1198 1001 1224 1049 ια
1237 1002 1263 1050 δὲ
1274 1001 1401 1049 παλλακαὶ
1418 1001 1486 1050 ttae
1496 1003 1573 1051 πάντα
1582 1004 1706 1052 λέλειπται.

931 1125 976 1186 Cs.
998 1125 1137 1184 Davisius
1158 1123 1194 1182 ad
1216 1123 1278 1184 Cic.
1303 1123 1402 1197 Tusa,
1436 1125 1472 1198 V,
1497 1126 1547 1198 35,
1566 1126 1649 1185 uaeke
1671 1128 1707 1186 ad

932 1212 1054 1271 Choerili
1073 1211 1197 1289 Fragm„
1218 1233 1248 1290 p.
1267 1213 1335 1288 196,
1350 1232 1415 1290 sqq.

1106 1370 1182 1431 XVI.
1205 1368 1528 1432 uanissimam.

975 1532 1019 1589 hd
1041 1530 1258 1608 dijudicandam
1270 1531 1459 1607 quaestionem
1474 1549 1598 1605 quanam
1615 1529 1707 1588 fornia

934 1621 1116 1697 conscriptus
1135 1621 1222 1679 fuerit
1235 1620 1295 1698 περί
1311 1617 1450 1686 Βασιλείας
1463 1618 1551 1690 liber,
1572 1617 1655 1695 cujus
1670 1617 1709 1675 ti-

934 1711 1012 1768 tulus
1037 1713 1112 1766 inter
1133 1709 1267 1784 dialogos
1293 1706 1370 1787 apud
1400 1709 1559 1783 Diogenem
1585 1705 1654 1785 (a)
1680 1719 1709 1763 et

934 1798 1120 1873 Anonymum
1146 1794 1156 1874 (
1165 1797 1214 1873 τό)
1229 1797 1347 1871 legitur,
1364 1796 1511 1872 praecipue
1531 1795 1706 1870 valentque.

934 1883 1049 1943 duobus
1064 1885 1095 1943 in
1109 1884 1184 1942 locis
1204 1883 1240 1941 de
1251 1903 1314 1942 eoa
1330 1883 1470 1941 Cicerone
1484 1883 1561 1941 dicta
1572 1896 1649 1943 sunt.
1666 1881 1709 1939 lta

934 1974 1013 2031 enim
1028 1972 1077 2031 ille
1091 1970 1128 2029 de
1149 1972 1274 2030 consilio
1297 1971 1377 2049 qnod
1392 1969 1563 2049 aliquandiu
1582 1971 1709 2046 agitave-

936 2073 990 2133 rat,
1003 2059 1148 2118 mittendae
1162 2058 1198 2118 ad
1207 2059 1348 2118 Caesarem
1359 2058 1632 2117 cohortatoriaesive
1640 2076 1708 2117 sua·

936 2147 1022 2206 soriae
1032 2148 1179 2224 epistolae,
1193 2145 1245 2225 Ep.
1257 2146 1293 2205 ad
1304 2148 1403 2218 mite,
1416 2144 1489 2222 xli,
1506 2156 1555 2219 lo,
1573 2165 1589 2202 a
1607 2167 1614 2201 ι
1631 2146 1711 2223 Zap-

936 2234 1104 2294 όουλευτυιδν
1117 2256 1193 2311 soepe
1209 2254 1315 2294 conor:
1331 2235 1404 2290 nibil
1416 2240 1544 2309 reperio:
1560 2246 1589 2290 et
1601 2238 1710 2310 quidem

936 2344 1042 2379 mearam
1060 2324 1151 2379 liabeo
1162 2336 1192 2377 et
1203 2318 1397 2400 Ἀριστοττλους
1415 2333 1444 2378 et
1461 2319 1625 2395 Θεοπόμπου
1645 2319 1709 2400 πρὸς

935 2408 1102 2490 Ἀλέξανδρον
1127 2431 1134 2466 2
1161 2411 1213 2465 sed
1225 2411 1293 2485 quid
1315 2411 1428 2466 simile?
1449 2411 1500 2464 Illi
1520 2421 1549 2462 et
1569 2429 1632 2482 qrsoe
1648 2415 1713 2484 iprsis

936 2499 1052 2554 lrorresta
1062 2510 1153 2553 essent
1163 2498 1320 2552 scribebant
1330 2509 1359 2552 et
1366 2508 1452 2569 grata
1466 2497 1643 2555 Alexandro.
1659 2499 1714 2552 Ec-

935 2589 1004 2660 quid
1022 2600 1051 2641 tu
1072 2587 1209 2657 ejusmodi
1228 2587 1352 2659 reperis?
1368 2584 1443 2643 Mihi
1466 2584 1574 2658 quidem
1596 2585 1668 2639 nibil
1685 2591 1714 2639 in

937 2689 1056 2753 irrentam
1071 2680 1161 2733 uenit.
1185 2675 1354 2750 Susceptum
1369 2689 1441 2729 nero
1456 2670 1609 2730 eonsilium
1628 2668 1715 2748 plane

936 2780 967 2820 se
990 2761 1131 2839 abjecisse
1153 2780 1218 2817 cum
1235 2758 1288 2837 Ep.
1305 2756 1385 2832 Xlll,
1407 2760 1456 2830 δι,
1481 2772 1540 2816 tuni
1554 2760 1714 2837 praesertim

937 2848 1015 2922 xiii,
1031 2852 1081 2920 οδ,
1106 2870 1136 2925 a,
1157 2848 1237 2906 hisce
1253 2859 1374 2905 testatur
1386 2845 1486 2905 verbis
1503 2867 1510 2906 z
1534 2851 1577 2904 ue
1588 2853 1714 2925 pusiola

935 2941 980 2996 ud
1004 2939 1158 3008 Caesarem,
1175 2943 1275 3007 jurato
1299 2934 1372 2991 rnibi
1387 2937 1479 3005 crede,
1503 2957 1557 2992 non
1576 2958 1714 3013 passum:

936 3048 987 3085 nec
1008 3046 1052 3081 rue
1074 3027 1215 3100 turpitudo
1236 3027 1366 3097 deterret,
1382 3029 1433 3078 etsi
1457 3030 1580 3079 manime
1602 3026 1712 3083 debeat.

937 3120 1030 3190 (luant
1055 3122 1128 3171 enirn
1152 3119 1238 3191 turpis
1261 3126 1301 3169 est
1324 3117 1493 3184 assentatio,
1512 3133 1594 3187 quum
1621 3119 1714 3169 uisere

935 3212 1025 3280 ipsunt
1048 3217 1125 3279 turpe
1147 3209 1182 3258 sit
1198 3205 1296 3258 nobis?
1310 3202 1369 3257 Sed
1386 3213 1418 3256 ut
1436 3206 1516 3275 capi,
1532 3221 1587 3256 non
1598 3220 1643 3257 me
1661 3202 1714 3256 lroc

937 3307 1016 3369 turpe
1033 3295 1162 3361 deterret,
1181 3311 1216 3346 ac
1240 3291 1343 3345 uellem
1366 3290 1478 3363 quidem
1502 3308 1510 3344 ε
1532 3308 1618 3344 essem
1640 3295 1712 3344 enirn

936 3388 986 3458 qui
998 3401 1057 3437 esse
1068 3382 1196 3449 debeam,
1211 3380 1299 3435 sedin
1318 3388 1437 3433 ineman
1451 3378 1524 3433 nibil
1531 3385 1621 3437 uenit.
1638 3381 1713 3434 Nam

936 3490 1001 3546 quae
1018 3471 1141 3524 suntad
1157 3468 1350 3523 Alexandrum
1368 3464 1509 3521 bominum
1532 3468 1713 3541 eloquentium

937 3571 967 3614 et
978 3560 1118 3613 doctorum
1133 3561 1282 3623 suasiones,
1305 3556 1386 3610 vides
1399 3556 1495 3629 quibus
1506 3559 1536 3609 in
1551 3555 1632 3609 rebus
1651 3573 1715 3608 uer*

936 3659 1052 3701 rentur:
1071 3646 1284 3711 adolescentem,
1296 3648 1435 3697 incensum
1458 3643 1609 3716 cupiditate
1626 3645 1714 3694 ueris-

936 3737 1017 3785 simoe
1036 3733 1149 3806 glorier,
1167 3734 1320 3803 esurientem
1333 3732 1386 3785 sibi
1404 3732 1512 3803 aliquid
1525 3729 1633 3785 consilli
1652 3729 1715 3781 dari

938 3819 1013 3891 qnod
1028 3820 1069 3871 acl
1090 3819 1200 3871 laudem
1213 3821 1410 3892 sempiternam
1429 3819 1553 3884 ναίεται,
1571 3815 1715 3870 cohor-lan·

939 3916 994 3976 tur,
1011 3907 1053 3957 ad
1070 3906 1155 3958 deeras
1174 3923 1229 3959 non
1243 3905 1322 3959 deest
1333 3911 1430 3961 oratio.
1447 3904 1518 3972 Quae
1532 3904 1573 3973 si,
1590 3916 1621 3960 ut
1641 3922 1716 3962 ese·

940 3988 1097 4069 quentibus
1118 3990 1285 4065 fragmentis
1305 4003 1440 4068 apparet,
1461 3990 1497 4048 ad
1520 3990 1627 4048 librum
1654 3991 1715 4072 πυρί

939 4076 1081 4145 Βασιλείας
1105 4077 1255 4137 reserenda
1279 4091 1363 4150 sunt,
1384 4097 1443 4136 non
1460 4077 1521 4156 jam
1543 4079 1580 4137 de
1597 4079 1715 4156 dialogo

106 4176 194 4245 bulo,
221 4172 287 4245 Xll,
314 4192 346 4252 p.
363 4171 437 4242 530,
458 4172 483 4229 Α
508 4193 515 4229 :
537 4170 748 4250 Ἐπιηεγρόφθαι
763 4170 790 4232 δὲ
813 4174 884 4251 αὐτῷ
939 4165 1126 4243 cogitandum
1147 4168 1215 4237 erit,
1238 4166 1289 4224 sed
1311 4165 1348 4225 de
1378 4165 1571 4226 cohortatoria
1590 4168 1714 4244 quadam

106 4260 257 4339 Ἀσσυρίοις
274 4260 424 4339 γράμμασι·
447 4285 460 4310 ι
476 4259 703 4338 Σαρδανάπαλλος
717 4260 878 4320 ’Ascanium
938 4255 1062 4333 epistola
1082 4256 1146 4314 sive
1163 4255 1309 4326 oratione,
1326 4255 1422 4331 qualis
1442 4255 1624 4335 Theopompi
1642 4278 1713 4334 quo·

107 4349 190 4427 ράξιω
213 4356 286 4425 παῖς,
307 4346 456 4427 ’andini
479 4347 525 4406 καί
544 4346 651 4428 Ταρσὸν
670 4345 772 4427 ἔδειμαν
796 4348 883 4429 ἡμέρῃ
939 4359 996 4418 que
1008 4341 1085 4400 liber
1099 4342 1169 4413 fuit,
1181 4360 1247 4399 cum
1263 4342 1502 4420 quoaCicerone
1514 4345 1712 4423 conjungitur.

107 4443 165 4515 μιῇ.
205 4434 313 4508 Ἔοθιε,
338 4437 412 4512 πῖνε,
435 4438 522 4504 παῖζε·
543 4438 579 4502 ὡς
611 4433 696 4495 τοίλλα
721 4434 813 4496 τούτου
835 4439 884 4498 οὐκ
941 4429 1473 4510 hthuncnthcnaeuasemei,1v‚p,
1500 4434 1568 4503 230,
1586 4434 1619 4505 B,
1643 4435 1715 4505 Συμ-

109 4525 180 4594 elie,
197 4553 210 4576 2
225 4524 361 4601 Quinque
380 4536 491 4584 tantum
507 4542 619 4594 vmsus,
633 4542 672 4582 ex
684 4526 721 4583 iis
743 4526 794 4601 qui
806 4526 884 4604 apud
940 4515 1034 4577 δαυλοὶ
1046 4517 1111 4598 πρδς
1124 4517 1303 4598 Ἀλέξανδρον,
1318 4520 1349 4578 in
1360 4520 1451 4578 altero
1465 4540 1536 4579 vero
1546 4524 1620 4593 loco,
1633 4521 1713 4593 xiil,

108 4615 278 4673 Athenaeum
298 4613 445 4689 leguntur,
461 4611 548 4670 habet
569 4612 734 4683 Diodorus,
758 4613 803 4686 ll,
828 4616 883 4686 233
939 4628 970 4683 p.
994 4607 1063 4682 595,
1089 4609 1125 4680 Α,
1139 4605 1285 4678 Ἐπιστολὴ
1300 4606 1544 4690 πρδςἎλέξανδρον
1560 4623 1654 4669 vocat.
1671 4610 1714 4667 hd

910 4807 912 4814 ,
941 4782 1061 4846 prestigia
1078 4784 1187 4846 spectant
1200 4785 1224 4832 et
1240 4795 1296 4832 eom
1315 4783 1345 4833 iis
1361 4789 1488 4833 remeatur
1500 4784 1541 4847 qui
1558 4799 1572 4833 e
1586 4784 1657 4834 Phasi
1673 4789 1715 4833 ant

909 4865 912 4914 ῐ
940 4873 1087 4935 mucuns
1106 4873 1155 4922 hue
1174 4872 1297 4937 adpellunt
1316 4893 1323 4923 ι
1342 4875 1449 4938 legeram
1469 4876 1550 4925 aulem
1569 4875 1626 4925 nihii
1644 4874 1712 4938 quid·

487 4987 509 5032 ρ,
937 4974 1025 5023 quam,
1042 4961 1088 5011 nisi
1106 4961 1167 5011 laste
1182 4961 1308 5012 Philoxeni
1321 4963 1435 5025 ουσιαι,
1448 4975 1477 5012 ιο
1493 4975 1524 5014 ne
1540 4974 1592 5013 eam
1615 4962 1711 5025 quidem

936 5049 1025 5098 uum!

369 4834 411 4882 Du
427 4832 620 4881 Voturiam.

141 5160 298 5210 Philoxenum
317 5157 356 5207 aiii
377 5156 478 5220 usuum
494 5159 613 5206 ammana
629 5155 726 5217 dicuni3
742 5156 882 5208 Aristoteles
1311 5142 1334 5184 ²¹

111 5243 586 5308 veronudeotenaruuatudiosum3qui
600 5243 813 5294 ιίίιωιίίαιιίνίοίο
821 5244 881 5295 seri·
967 5243 1168 5308 δειδιοιριΙυιιι,
1198 5245 1393 5309 Aracyndaraxa
1433 5246 1518 5307 tilium,
1547 5244 1711 5297 obseuriorem

112 5334 160 5386 bitz
181 5355 193 5379 «
207 5333 255 5393 Qui
271 5333 296 5383 in
312 5331 408 5383 circulis
422 5330 549 5383 moriones
563 5329 663 5392 habent,
674 5331 801 5394 utumque
817 5329 880 5382 diem
935 5327 1108 5406 reddiadjeuo
1119 5332 1192 5395 puris
1206 5334 1301 5384 nominc
1313 5333 1453 5385 Aristoteles
1466 5330 1537 5384 dixit.
