3959 5900
789 543 1058 605 PROBLEMATA.

484 680 513 739 8.

156 822 198 879 lle
211 819 319 877 Gener.
334 816 432 876 Anim.
449 815 497 891 w,
519 825 552 888 4,
565 828 587 873 t.
603 813 659 891 ill,
672 832 702 890 p.
731 812 802 884 lob,
819 811 856 869 38
877 833 884 869 ι

107 908 168 969 Δεόι
178 905 206 966 δὲ
221 905 352 965 τοῦτοκαὶ
369 901 427 971 τοῖς
439 906 486 976 τῆς
498 901 615 975 κυήσεως
624 900 731 981 χρόνους
750 898 821 980 μόνιρ
834 900 886 957 τῶν

107 992 188 1077 ζῴοιν
208 996 261 1074 (τῷ
275 990 405 1073 άνθρόνπιμ
427 987 502 1066 scil.)
528 986 681 1065 ἀνωμάλους
703 977 769 1046 εῖναι
787 984 886 1063 αυμόί·

107 1081 204 1154 ὅηκεν·
214 1087 268 1147 τοῖς
284 1078 333 1157 μῖν
348 1080 400 1159 γὰρ
414 1077 504 1146 ἄλλοις
514 1068 550 1146 εἷς
562 1078 632 1136 ῖατεν
648 1079 663 1134 ὁ
677 1073 782 1155 χρόνος,
797 1073 849 1139 τοῖς
865 1071 887 1131 δ’

106 1166 260 1250 άνθρόιποις
278 1164 392 1234 πλείους·
413 1164 458 1224 καῖ
472 1164 523 1246 γδρ
537 1162 676 1240 ίιιτάμηνα
692 1162 738 1221 καί
752 1159 887 1237 δεκόμηνα

103 1258 253 1335 γεννῶνται
263 1254 310 1314 καῖ
321 1253 391 1313 κατῖι
403 1250 462 1321 τοῖνς
476 1250 573 1331 μεταξὺ
587 1249 711 1331 χρόνους·
730 1248 776 1308 καί
786 1245 838 1328 γὰρ
854 1247 887 1304 τό

105 1345 253 1422 ὀκτάμηνα
268 1346 300 1423 ζῇ
316 1344 376 1421 μίν,
390 1334 469 1415 ἦττον
483 1342 520 1403 δι’.
538 1340 612 1402 T'ot'
629 1338 711 1399 αῖτιον
730 1341 761 1399 lx
775 1340 828 1397 τῶν
841 1338 886 1396 λε·

103 1434 229 1512 χθίντων
237 1430 335 1490 συνίδοι
349 1452 388 1498 τις
398 1428 440 1503 όν,
450 1427 553 1509 ε’ίρηται
567 1427 594 1488 δὲ
607 1427 669 1508 περί
684 1427 768 1485 αὐτῶν
781 1428 813 1485 δν
827 1425 889 1490 τοῖς

105 1523 161 1599 ΙΙρ
175 1517 387 1595 οόλήμασιν.

485 1678 515 1734 9.

152 1789 199 1848 De
218 1787 354 1846 Generat.
377 1785 504 1846 Animal.
528 1785 576 1857 lll,
600 1807 629 1858 7,
654 1782 888 1860 t1111‚p.r.10,

106 1884 149 1945 44
177 1873 243 1935 :Tt
263 1872 292 1934 θῖ
313 1870 406 1953 θύραζε
425 1871 525 1943 ίξιόντα
542 1874 593 1931 τῶν
610 1870 732 1932 τοιούτων
753 1872 819 1948 (τῶν
843 1893 890 1946 μυ-

105 1964 167 2021 λῶν
193 1959 267 2042 scil.)
287 1962 387 2040 γίνεται
411 1960 514 2040 σκληρά
535 1960 616 2028 οὕτως
640 1957 709 2019 ὥστε
731 1956 806 2036 μόλις
829 1958 889 2016 δια-

106 2048 261 2109 κόπτεοθαι
282 2047 328 2109 καί
342 2048 452 2131 σιδήρῳ.
470 2047 539 2128 Περί
555 2047 602 2125 μίν
617 2038 660 2106 oliv
672 2051 720 2118 τῆς
731 2051 777 2105 τοῦ
793 2042 890 2112 πάθους

105 2135 202 2202 αἰτίας
213 2135 315 2216 είρηταε
330 2138 366 2195 ἐν
379 2144 446 2204 τοῖς
464 2133 716 2216 Προόλημασιν·
729 2132 829 2213 πάσχει
840 2130 891 2211 γάρ

108 2223 213 2283 ταῦτδν
230 2222 261 2283 sb
276 2220 368 2301 κύημα
383 2224 410 2282 ἐν
424 2226 458 2302 τῇ
472 2220 561 2302 μήτρᾳ
574 2222 638 2303 ὅπερ
650 2223 677 2280 ἐν
691 2221 744 2288 τοῖς
756 2217 891 2301 ίψομίνοις

107 2313 145 2372 τό
169 2308 347 2389 μολυνόμινα,
363 2309 409 2370 καί
428 2310 458 2369 ού
475 2309 519 2368 δεδι
534 2308 702 2389 θερμότητα,
716 2306 806 2387 ὥσπερ
823 2305 891 2373 τινός

108 2422 209 2480 φασιν,
222 2397 290 2457 άλλθ
302 2399 402 2477 μᾶλλον
413 2398 447 2458 δι’
461 2395 596 2458 ἀσθίνειαν
608 2396 771 2477 θερμότητος.

479 2558 525 2600 10.

151 2676 247 2735 Ethic.
253 2675 364 2736 Nicom.
376 2678 401 2750 Ι,
417 2679 447 2749 5,
459 2680 521 2754 §56
533 2698 540 2734 ι
552 2676 682 2736 Φαίνεται
693 2676 720 2736 δὲ
733 2675 891 2756 ἀτελεστίρα

108 2775 159 2826 καὶ
176 2762 247 2835 αὕτη
262 2766 293 2841 (ἡ
313 2762 394 2843 ἀρετὴ
409 2766 502 2838 scil.)·
518 2766 588 2824 δοκεῖ
608 2764 659 2845 tlt>
675 2762 825 2843 ίνδίχεσθαι
844 2765 892 2823 καὶ

108 2851 253 2914 καθεύδειν
272 2849 369 2930 ῖχοντα
379 2848 428 2922 τὴν
452 2849 557 2931 ἀρετήν,
571 2850 742 2931 ἢᾶπρακτεῖν
758 2850 800 2911 διδι
822 2850 892 2932 βίου,

108 2940 158 3002 καλ
175 2937 243 3018 πρὸς
255 2936 353 3005 τούτοις
367 2941 525 3000 κακοπαθεῖν
538 2937 585 2999 καί
597 2941 703 3020 άτυχεῖν
714 2937 748 2998 τόν
765 2937 888 3020 pletura·

107 3029 157 3089 τὸν
177 3028 203 3087 δ’
217 3024 288 3086 οὕτω
311 3026 396 3094 ζῶντα
419 3025 501 3095 vilei<
522 3027 553 3085 δν
572 3025 789 3105 εὐδαιμονίσειεν,
810 3029 834 3086 tl
852 3028 889 3105 μὴ

110 3116 186 3177 θίσεν
195 3113 389 3195 διαφυλάττων.
401 3111 458 3177 Καί
468 3113 529 3193 περί
546 3113 594 3191 μίν
602 3112 702 3174 τούτων
712 3113 785 3184 όλις·
796 3119 891 3183 ἱκανῶς

109 3202 224 3283 γὰρκαὶ
238 3205 269 3262 ἐν
282 3207 354 3268 τοῖς
367 3199 852 3283 ῖγκυκλίοιςείρηταιπερὶαύτῶν.

151 3289 252 3349 Verba
270 3289 307 3349 ad
331 3294 409 3350 hunc
424 3290 519 3350 locum
535 3288 568 3349 in
588 3289 701 3350 scholio
724 3289 798 3352 Cod.
822 3291 892 3368 lieg.

111 3377 259 3438 Christin.
282 3390 354 3438 teste
368 3377 537 3452 Brundisio,
557 3381 718 3437 Aristoteles
738 3381 798 3435 und
817 3386 895 3436 scine

111 3467 298 3541 Narbsolger‚
331 3479 353 3527 t.
384 3464 414 3538 l,
444 3486 474 3545 p.
501 3466 577 3539 108,
607 3466 754 3543 adscripta
782 3486 790 3524 ε
816 3465 896 3527 Ἐστι

111 3557 138 3615 di
164 3556 241 3634 αὐτῷ
255 3551 434 3632 προόληματα
453 3553 578 3633 ῖγκύκλια
597 3553 615 3626 ἢ
635 3553 726 3632 βιόλία
743 3554 817 3632 (haec
837 3554 896 3616 duo

111 3641 263 3703 vocabula
276 3640 385 3702 omissa
397 3653 465 3700 sunt
478 3641 556 3720 apud
573 3640 693 3700 hosium
709 3660 739 3720 p.
759 3662 828 3715 aar,
844 3642 895 3720 qui

116 3731 251 3789 locume
273 3726 374 3787 codiee
396 3728 566 3806 exscripsit)
589 3726 753 3786 παντοδαπά·
782 3728 823 3787 διδ
848 3729 894 3788 καί

116 3814 249 3895 δγκύκλια
258 3812 408 3892 ὠνομάζετο
418 3812 462 3874 διδ
477 3814 508 3875 εδ
519 3814 661 3893 ίγκυκλίυις
671 3813 764 3883 αὐτούς
776 3817 894 3893 καθημί·

116 3927 179 3972 νους
203 3904 348 3983 ῖπιχεερεῖν
375 3904 411 3971 είς
432 3899 463 3961 ιδ’
490 3898 668 3982 προτεθίν,ἢ
691 3901 734 3962 διὰ
758 3900 788 3962 rb
810 3905 838 3962 όν
858 3907 897 3986 τῷ

118 3990 217 4070 κύκλιρ
229 3993 408 4067 περιεστῶτας
423 3992 578 4073 exprme
593 3990 646 4049 rix
660 3991 757 4050 minus
771 3989 898 4051 absurda

115 4079 270 4150 ridentur,
290 4096 376 4156 quam
388 4098 454 4157 quae
471 4078 508 4137 ad
522 4078 646 4139 eundem
663 4079 760 4138 locum
778 4092 898 4139 annotat

115 4166 284 4228 Eustratius
300 4166 351 4228 iol.
372 4186 408 4225 ro
421 4185 507 4226 verso
529 4187 537 4228 ι
553 4166 629 4228 Φασὶ
648 4165 693 4226 τόν
716 4165 896 4248 Ἀριστοτέλην

119 4255 171 4328 ίπη
194 4252 257 4314 τινὰ
271 4251 392 4315 trustes
407 4255 526 4329 θπίιηδις
545 4253 614 4314 κατσί
625 4278 685 4314 τινα
703 4253 814 4335 ἀριθμόν
829 4278 896 4332 συμ-

119 4342 273 4419 ποαούμενα
295 4339 415 4423 ῖνίτίρα
433 4340 503 4402 θίσει
517 4343 562 4402 καὶ
585 4341 655 4411 τάξει
669 4331 705 4401 ὄν
726 4341 825 4414 ίκοίστη
844 4342 897 4401 αἰπδ

119 4433 166 4488 τοῦ
189 4430 271 4490 αὐτοῦ
289 4451 318 4487 τε
340 4428 440 4511 ἤρχετο
457 4430 502 4490 καί
522 4432 559 4498 είς
579 4431 609 4490 τὸ
624 4428 687 4491 etti
705 4428 843 4508 κατίληγε·
856 4430 897 4490 διὸ

121 4518 166 4577 καί
183 4515 310 4595 ίμκύκλεα
320 4523 405 4578 ταῦτα
419 4518 567 4595 ὠνόμασεν,
581 4510 619 4586 οἷς
629 4521 705 4594 ἡμεῖς
723 4516 771 4594 μίν
785 4519 832 4577 ούκ
844 4521 898 4579 lvs-

122 4603 257 4684 τύρομεν,
283 4604 336 4666 sici
358 4604 383 4664 δ’
403 4604 429 4666 οῖ
451 4605 512 4686 περὶ
542 4606 641 4665 τούτων
664 4605 815 4686 ἱστόρησαν.
840 4607 898 4666 Nec

124 4693 217 4771 major
228 4693 282 4752 lux
292 4693 445 4770 alihlgebit
458 4714 494 4753 ex
509 4695 546 4754 iis
556 4713 621 4772 quae
635 4692 712 4772 apud
726 4694 900 4774 interpretes

125 4779 160 4837 ad
180 4779 345 4842 Aristotelis
366 4774 464 4842 locum
488 4781 525 4840 de
542 4781 620 4840 Caelo
636 4780 660 4859 Ι,
680 4802 711 4858 9,
730 4781 807 4841 dicta
831 4796 900 4842 sunt

127 4866 172 4944 (ci.
195 4867 346 4948 dialogum
360 4869 398 4929 de
421 4868 612 4949 Philosophia
627 4869 664 4931 lr.
683 4868 740 4948 ar)
762 4869 797 4929 ad
811 4870 901 4948 expli·

127 4956 247 5015 candem
263 4957 453 5035 questionem
476 4956 547 5036 quid
562 4957 621 5017 sint
638 4974 703 5035 quae
720 4955 797 5036 apud
818 4958 901 5015 hris-

127 5042 239 5101 totelem
260 5043 384 5122 ίγκύκλια
398 5042 598 5126 ριλοσορνίματα
613 5056 765 5106 vocantur.

167 5128 223 5189 Sed
232 5141 262 5190 et
270 5132 366 5192 missis
373 5132 421 5192 his
430 5132 620 5212 interpretum
629 5132 726 5209 nugis,
739 5132 808 5192 satis
817 5132 899 5190 lucu·

128 5214 219 5276 lenter
236 5218 331 5297 ipsius
346 5217 507 5280 Aristotelis
522 5220 688 5279 testimonio
705 5231 817 5278 constat
831 5218 900 5277 Pro·

128 5298 284 5365 hiematum
300 5306 409 5367 librum
425 5307 463 5367 ah
472 5327 508 5367 eo
522 5309 717 5386 conscriptum
727 5305 826 5368 fuisse.
842 5306 901 5365 Cu·

1655 543 1712 602 195

936 675 987 753 jus
1008 685 1103 732 tamen
1125 671 1192 730 libri
1213 672 1327 731 fortuna
1351 691 1409 730 non
1429 672 1532 732 melior
1553 672 1607 731 suit
1626 662 1712 751 quam

941 760 1066 820 aliorum
1075 759 1283 817 nonnullorum
1294 760 1467 838 scriptorum
1478 779 1542 835 quae
1549 760 1715 839 ipselaudat

939 845 1141 928 philosophus,
1149 859 1180 905 ut
1191 844 1713 927 περίΤροφῆς,περῖΝόοουκαῖὝγιείας,

941 933 1004 1015 περί
1015 935 1123 1007 Φυτῶν,
1137 952 1261 1012 quorum
1273 934 1404 992 omnium
1426 933 1507 993 nulla
1520 948 1565 994 est
1575 936 1715 995 memoria

941 1023 1019 1104 apud
1033 1037 1174 1102 posteros.
1191 1021 1304 1081 Etenim
1314 1022 1392 1082 inter
1407 1041 1507 1081 omnes
1518 1021 1637 1082 locosin
1648 1026 1714 1102 qui-

941 1111 998 1170 bus
1010 1109 1195 1170 Problemata
1202 1110 1320 1189 respicit
1332 1109 1534 1188 philosophus,
1549 1111 1646 1171 nullus
1659 1126 1713 1183 est,

940 1200 993 1278 qui
1007 1198 1053 1258 rel
1068 1198 1103 1257 ad
1122 1218 1184 1257 eam
1200 1198 1399 1257 oollectionem
1414 1194 1630 1256 problematum
1650 1217 1715 1275 quac

941 1287 998 1347 sub
1019 1286 1184 1346 Aristotelis
1210 1286 1328 1345 nomine
1350 1299 1452 1355 exstat,
1483 1286 1529 1345 vel
1554 1285 1590 1343 ad
1619 1284 1712 1346 libros

941 1374 1069 1454 primum
1103 1376 1134 1433 iu
1160 1374 1214 1433 hac
1241 1373 1368 1432 editione
1395 1393 1412 1432 a
1446 1373 1650 1432 Bussemalsero
1684 1374 1715 1431 in

943 1462 1038 1520 lucem
1062 1460 1191 1540 prolatos
1215 1460 1318 1519 reterri
1336 1462 1428 1539 possit
1447 1481 1454 1517 :
1472 1480 1547 1519 unus
1565 1480 1635 1519 vero
1652 1474 1716 1519 tan·

943 1562 1004 1609 tum
1029 1548 1082 1627 (s),
1100 1550 1152 1626 qui
1173 1548 1361 1626 quaestionem
1382 1549 1489 1623 tangit,
1509 1567 1595 1626 quam
1612 1562 1717 1607 tracta·

944 1647 1002 1693 tarn
1032 1635 1064 1695 in
1094 1636 1245 1715 deperdita
1277 1635 1519 1695 Aristoteleorum
1546 1636 1716 1695 collectione

943 1724 1069 1785 sortasse
1082 1725 1232 1783 invenerat
1253 1723 1406 1783 Oribasius
1425 1724 1482 1796 (cl.
1506 1743 1596 1802 sopra
1615 1724 1715 1801 fragm.

945 1811 1026 1890 307),
1052 1809 1116 1868 Jam
1136 1810 1204 1870 inde
1224 1811 1314 1887 igitur
1336 1810 1457 1869 minime
1476 1808 1603 1870 obscuro
1626 1830 1718 1887 argu-

943 1911 1041 1957 mento
1064 1898 1250 1978 perspicitur,
1265 1897 1337 1975 quid
1359 1896 1467 1957 dehac
1488 1911 1586 1956 nostra
1606 1899 1714 1957 collec-

944 1986 1026 2046 tione
1046 1987 1228 2045 statuendum
1253 1985 1298 2053 sit,
1317 1984 1354 2044 de
1367 2004 1425 2062 qua
1441 2003 1478 2044 ne
1501 1985 1576 2046 illud
1598 1987 1715 2064 quidem

947 2073 1088 2132 affirmari
1113 2074 1203 2146 licet,
1228 2085 1365 2152 excerpta
1388 2073 1517 2151 quadam
1542 2092 1559 2132 e
1582 2077 1718 2149 genuinis

944 2159 1112 2220 Aristotelis
1127 2158 1323 2220 Problematis
1345 2160 1376 2220 in
1399 2178 1434 2218 ea
1451 2161 1610 2231 contineri,
1627 2183 1717 2239 quum

945 2260 1047 2307 contra
1067 2248 1203 2325 frequens
1220 2246 1375 2306 eanrndem
1390 2249 1583 2324 questionum
1604 2250 1718 2309 iteratio

944 2348 1044 2414 aperte
1069 2335 1269 2413 compilatoris
1290 2352 1405 2394 manum
1430 2335 1547 2412 prodit,
1563 2335 1717 2414 multaeque

944 2426 1117 2503 quaestiones
1126 2424 1162 2482 ad
1170 2422 1293 2482 verbum
1301 2442 1448 2501 saepecum
1461 2422 1500 2482 iis
1511 2443 1576 2500 quar
1588 2423 1618 2481 in
1626 2425 1718 2501 scrip·

945 2510 983 2570 tis
996 2509 1189 2589 Theophrasti
1204 2509 1241 2567 de
1254 2512 1341 2586 igne,
1354 2508 1390 2568 de
1407 2509 1523 2581 Ventis,
1536 2509 1573 2568 de
1586 2508 1717 2581 Sudore,

944 2598 1005 2679 erpi
1017 2599 1127 2670 Κόπων,
1141 2609 1171 2656 et
1181 2598 1213 2656 in
1228 2595 1329 2655 libello
1340 2596 1377 2655 de
1390 2594 1547 2655 Coloribus
1556 2596 1719 2657 Aristotelis

946 2687 1066 2746 nomine
1078 2685 1150 2744 salso
1164 2685 1307 2762 inscripto
1319 2685 1455 2760 leguntur
1467 2683 1688 2756 eonsentientes,
1702 2704 1718 2742 e

946 2774 1036 2832 variis
1059 2770 1252 2849 scriptoribus
1277 2772 1503 2830 consarcinatam
1517 2789 1579 2830 esse
1602 2770 1720 2846 ίειτυμί·

945 2880 1011 2921 nem
1039 2859 1194 2919 ostendunt
1210 2859 1267 2938 (ci.
1288 2857 1400 2933 Prantl,
1415 2861 1484 2914 tiber
1505 2861 1551 2915 die
1573 2857 1720 2919 Probleme

944 2955 996 3008 des
1020 2954 1197 3019 Aristoteles,
1215 2947 1361 3009 Ablrandl.
1377 2951 1429 3006 der
1452 2948 1613 3006 Mr‘incltner
1625 2949 1719 3007 Aiaci.

945 3053 968 3099 t.
983 3038 1031 3110 Vl,
1049 3058 1079 3118 p.
1095 3038 1235 3109 ils-377,
1247 3035 1362 3108 llosius,
1376 3039 1419 3093 De
1431 3040 1545 3095 Amator.
1561 3038 1626 3098 libr.
1640 3040 1716 3106 ord„

966 3124 1133 3203 .189,εε.).

945 3147 966 3207 p
986 3212 1073 3285 Quod
1089 3214 1114 3271 si
1135 3212 1288 3290 queritur,
1309 3208 1451 3269 numbaec
1472 3207 1607 3270 collectio
1620 3210 1718 3269 eadem

947 3304 987 3363 sit
1000 3315 1088 3380 atque
1100 3319 1187 3378 quam
1199 3299 1312 3360 indices
1325 3298 1452 3357 aiierunt
1471 3317 1480 3355 ε
1494 3298 1621 3357 Φυσικῶν
1643 3305 1719 3377 [προ

951 3388 1117 3468 όλημάτων]
1132 3386 1202 3447 κατόι
1216 3395 1344 3468 στοιχεῖον
1356 3386 1391 3457 λί,
1406 3386 1510 3466 (Diog.
1533 3383 1626 3446 baert.
1651 3406 1718 3456 rao,

949 3480 1046 3540 huon
1073 3498 1140 3550 ιον,
1166 3475 1219 3535 ubi
1240 3476 1359 3534 inverso
1382 3472 1487 3532 ordine
1506 3468 1540 3541 ini
1564 3470 1633 3531 κατόν
1650 3495 1719 3530 orot-

948 3568 1021 3645 χείον
1032 3564 1059 3643 ),
1078 3563 1155 3621 iavet
1172 3560 1290 3639 quidem
1314 3578 1468 3620 consensus
1487 3556 1648 3629 librorum,
1668 3562 1720 3633 qui

949 3666 1057 3724 tamen,
1070 3663 1102 3709 ut
1110 3649 1171 3726 jam
1186 3669 1203 3707 a
1216 3648 1304 3707 Rusio
1318 3646 1504 3706 observatum
1515 3656 1559 3703 est
1571 3644 1617 3723 (p.
1633 3649 1719 3721 216),

951 3740 1084 3802 fortuitus
1098 3736 1145 3795 vel
1171 3756 1189 3794 a
1209 3734 1342 3795 librariis
1367 3746 1467 3812 postea
1489 3732 1640 3790 restitutus
1658 3751 1721 3791 esse

950 3827 1064 3907 potuit;
1079 3837 1185 3902 prater
1197 3823 1254 3881 alia
1267 3841 1338 3881 vero
1355 3820 1429 3879 illud
1447 3818 1595 3898 praecipue
1610 3817 1721 3890 obstat,

952 3913 1032 3993 quod
1053 3931 1141 3990 quum
1162 3911 1193 3971 in
1214 3909 1310 3969 indice
1331 3905 1472 3986 ίγκυκλίων
1494 3904 1720 3988 [προόλημοίτων]

950 3999 976 4060 α’
991 4000 1017 4081 β’
1032 3999 1138 4081 (Diog.
1153 3996 1246 4055 Laert
1264 3997 1332 4070 rsa)
1345 3993 1545 4065 nominantur,
1560 4011 1624 4070 quae
1637 3993 1721 4052 Tau-

950 4107 1001 4148 rus
1015 4085 1092 4165 apud
1102 4083 1229 4142 Gellium
1241 4082 1323 4142 Noct.
1332 4082 1389 4142 htt.
1403 4081 1469 4151 XX,
1481 4090 1512 4153 t,
1530 4099 1566 4138 εκ
1578 4080 1723 4157 ἐγκυκλίως

950 4173 1122 4254 προδιήμσσι
1144 4171 1250 4247 attulit,
1273 4190 1307 4231 ea
1331 4169 1363 4228 in
1384 4168 1492 4229 nostris
1514 4166 1721 4239 Problematis,

950 4259 1040 4333 XXX,
1059 4282 1086 4333 1,
1101 4257 1271 4319 adverbum
1288 4258 1347 4318 iere
1361 4257 1507 4333 leguntur.
1526 4254 1659 4313 Ceterum
1676 4274 1723 4313 νε·

951 4347 1075 4407 risimile
1089 4359 1133 4405 est
1147 4344 1245 4424 plures
1259 4345 1330 4404 tales
1348 4343 1493 4403 exstitisse
1505 4340 1721 4401 problematum

951 4436 1145 4496 collectiones.
1173 4429 1215 4491 lta
1239 4432 1316 4492 enim
1337 4451 1396 4491 noo
1420 4429 1514 4491 solum
1536 4441 1636 4488 auctor
1651 4428 1723 4504 llitae

950 4521 1105 4582 Marciam
1124 4518 1221 4601 ρυοικόι
1236 4517 1421 4599 Προύλνξμοιτα
1437 4518 1464 4575 lt
1486 4514 1667 4592 δόδομήκοντα
1684 4520 1722 4594 βι-

953 4609 1036 4676 όλίοις
1061 4609 1201 4680 nominat,
1227 4607 1278 4667 sed
1291 4608 1383 4666 multo
1395 4606 1482 4664 etiam
1501 4605 1665 4664 accuratius
1685 4604 1722 4662 de

953 4696 1052 4757 eadem
1074 4714 1105 4754 re
1117 4695 1212 4755 David
1232 4709 1261 4754 et
1273 4707 1374 4754 auctor
1391 4691 1562 4772 appendicis
1573 4692 1623 4770 qui
1639 4693 1724 4750 Ano·

952 4784 1034 4861 uymi
1058 4782 1149 4843 indici
1164 4780 1293 4860 adjectus
1312 4795 1365 4842 est.
1378 4781 1510 4852 Quorum
1533 4778 1584 4838 ille
1604 4779 1723 4839 citatio

952 4869 1086 4946 Categor.
1104 4891 1133 4950 p.
1149 4880 1195 4939 al,
1217 4869 1250 4941 B,
1267 4888 1286 4944 9
1311 4889 1318 4925 τ
1344 4867 1388 4927 Τόι
1408 4865 1474 4946 πρὸς
1493 4863 1632 4945 Εύκαίρεον
1649 4865 1722 4946 αὐτῷ

952 4956 1125 5037 γεγραμμένα
1153 4954 1334 5031 ίόδομήκοντα
1360 4952 1451 5032 βιόλίιι
1475 4951 1537 5032 περὶ
1569 4950 1723 5030 συμμίκτων

953 5042 1132 5121 Ζητημάτων,
1143 5041 1227 5123 χωρίς
1241 5041 1386 5122 προοιμίων
1402 5040 1447 5101 καί
1458 5041 1585 5120 ῖπιλόγιον
1597 5040 1643 5099 καῖ
1656 5041 1723 5098 δεαι·

957 5127 1051 5211 ρίσεως
1076 5132 1162 5208 (quae
1186 5128 1257 5207 quid
1285 5128 1343 5188 sibi
1369 5128 1461 5187 velint
1485 5128 1661 5203 intelligetur
1686 5145 1723 5183 ex

954 5216 1084 5296 ejusdem
1104 5216 1226 5277 Davidis
1248 5218 1347 5276 verbis
1361 5214 1402 5277 ib.
1424 5237 1453 5296 p.
1470 5226 1519 5288 οη,
1532 5216 1569 5292 λ,
1585 5221 1645 5280 ts:
1668 5214 1724 5273 Καὶ

955 5304 1160 5384 ύπομνηματεκδι
1181 5304 1302 5384 λίγονταε
1329 5306 1356 5364 ίν
1380 5294 1418 5371 οῖς
1446 5303 1512 5380 μόνα
1538 5302 1571 5361 si
1593 5301 1724 5381 κεφάλαια

1591 5408 1629 5456 ts.
