3959 5900
738 523 1109 590 PHYSIOGNOMONICA.

77 660 166 711 tione
180 667 316 731 concepta
328 674 453 712 sermone
462 661 573 727 utimur,
585 669 615 712 ut
627 668 669 712 εει
678 659 727 714 ille
735 677 826 714 sermo
836 663 865 714 in

76 746 252 800 Bucolicis:
730 763 733 771 ⁴

154 874 247 929 Μορεε,
259 882 330 918 novas
344 872 419 918 inune
428 871 503 918 isoes:
514 872 658 919 tibiducitur
666 883 735 930 uxos,
824 915 826 919 .

155 937 253 991 sparge,
263 935 350 987 mauis,
363 943 434 980 nuces
444 948 450 978 ε
461 934 503 980 tun
513 933 724 991 institueremus
734 934 825 981 oetsm.

501 998 573 1054 (vire,
582 997 631 1043 en.
645 999 708 1052 1111,
717 1000 762 1053 ευ.)

76 1120 109 1160 ει
132 1118 229 1162 status
241 1112 299 1162 oris
318 1108 368 1161 vei
386 1117 475 1162 motus
493 1111 616 1181 eorporis
628 1126 688 1163 esse
700 1109 800 1162 dicitnr
816 1106 869 1162 boc

77 1198 190 1262 vultu,
215 1200 262 1269 qui
274 1191 440 1269 frequentes
462 1206 526 1250 sunt
538 1195 643 1269 absque
661 1196 866 1269 indignatione.

77 1285 186 1360 Igitur
212 1288 406 1339 Anss'somss
429 1283 559 1357 probibet
581 1287 739 1355 contingere
758 1301 794 1337 ec
807 1284 869 1338 loca

75 1391 150 1444 quoe
182 1390 239 1428 non
263 1382 382 1445 oportet.
403 1372 509 1441 IDEM
526 1373 616 1442 dicit,
643 1377 770 1446 quotiens
795 1384 869 1429 torus

76 1466 108 1514 in
131 1458 241 1531 fronte
270 1472 314 1517 est
335 1465 522 1535 superpositus
547 1463 708 1536 superciliis,
737 1465 870 1535 inquietos

76 1567 143 1603 esse
159 1567 200 1603 ac
215 1548 349 1623 furiosos,
376 1560 408 1602 ut
421 1553 480 1623 ipse
490 1554 619 1603 nominat
633 1545 722 1622 (deest
742 1544 868 1604 vocabu·

78 1636 145 1692 lum
163 1632 321 1713 gracum).
339 1638 443 1693 IDEM
454 1638 526 1693 dicit
544 1655 592 1692 eos
615 1641 663 1711 qui
681 1637 800 1691 colorem
813 1655 867 1692 oa·

76 1731 157 1780 rium
174 1725 282 1781 liabent
299 1739 433 1801 tanquam
448 1727 523 1782 iente
535 1743 688 1798 aspersum,
704 1729 796 1779 vitam
812 1737 869 1780 turs·

71 1834 163 1889 pem,
174 1813 267 1887 facta
286 1823 381 1891 turpia
402 1832 543 1883 exercere,
565 1826 623 1868 tam
644 1815 771 1869 mulieres
784 1832 868 1888 quam

77 1921 194 1962 mares.
209 1905 316 1959 IDEM
327 1906 398 1959 dicit
417 1907 559 1977 imperitos
573 1920 609 1956 ae
626 1907 739 1956 rusticos
752 1920 812 1957 esse
820 1907 869 1975 qui

76 2011 173 2067 quum
200 1994 332 2048 incedunt
359 1991 477 2047 brachia
493 1989 620 2056 inserunt
640 2002 669 2045 et
689 1991 869 2046 immoderate

77 2093 262 2137 commovent
282 2093 310 2136 et
334 2086 383 2155 qui
407 2082 549 2135 cauaneis
576 2083 738 2135 innituntur.
764 2080 869 2134 IDEM

78 2172 154 2225 dicit
178 2188 226 2225 eos
246 2170 342 2244 quihus
360 2187 482 2244 pars-um
496 2180 538 2224 εει
556 2180 696 2224 veretrum
713 2178 798 2241 atque
814 2173 867 2222 sic·

78 2278 162 2324 cum,
193 2245 358 2312 mulieribus¹
375 2275 435 2311 esse
457 2256 583 2326 deditos,
608 2267 639 2311 et
658 2254 755 2330 quibus
778 2259 866 2309 etiam

78 2368 171 2424 quum
191 2366 249 2403 non
267 2348 422 2402 intenditur
435 2358 539 2401 rectum
562 2358 618 2420 est,
640 2358 668 2401 ει
688 2342 867 2420 quifeminis

76 2441 232 2509 prucimos
245 2434 352 2489 liabent
363 2432 458 2487 uultus
478 2443 508 2487 et
523 2443 644 2487 ceteram
660 2438 782 2507 corporis
802 2452 865 2509 spe·

79 2531 155 2580 ciem
170 2541 182 2581 .·
198 2524 329 2579 masculis
345 2532 439 2576 autem
453 2538 513 2575 esse
524 2521 632 2576 deditos
647 2527 696 2598 qui
712 2542 824 2596 corpore
838 2537 867 2579 ει

79 2616 167 2668 vultu
186 2624 251 2667 sinit
261 2612 352 2684 virili,
371 2622 400 2665 et
409 2615 458 2683 qui
471 2610 591 2663 alterum
604 2627 641 2663 eu
656 2612 744 2664 oculis
760 2610 866 2666 liabent

78 2707 233 2776 glaucum.
263 2702 312 2754 Ita
338 2711 366 2755 ct
387 2701 423 2753 dc
446 2698 606 2752 mulicrIbus
624 2699 710 2767 dicit,
735 2702 865 2755 mulieres

79 2797 159 2847 coire
179 2808 243 2844 cum
267 2787 424 2844 mulieribus
446 2803 565 2858 quarum
587 2790 695 2858 specics
712 2799 754 2842 est
767 2788 863 2843 mulie·

80 2884 150 2947 bris,
171 2878 302 2933 masculis
310 2886 405 2930 autem
418 2879 512 2945 magis
522 2874 635 2928 deditus
649 2893 713 2948 quoe
722 2881 814 2948 magis
823 2879 866 2931 ad

79 2972 202 3026 virilem
221 2971 342 3043 speciem
365 2963 541 3038 respondent.
563 2963 617 3034 Qui
635 2965 735 3019 virilia
758 2964 866 3021 liabent

82 3076 198 3131 magna
213 3058 353 3129 laneaque
362 3053 460 3108 stolidi
472 3064 545 3109 sunt.
558 3052 666 3126 IDEM
674 3054 742 3109 dicit
758 3060 864 3129 eosqui

81 3167 170 3222 quum
183 3146 333 3201 ambulant
349 3143 492 3198 calcaneis
507 3147 665 3212 introrsum,
674 3140 797 3217 pedibus
809 3162 863 3198 au-

83 3251 140 3293 tem
160 3233 316 3300 forinsecus
330 3235 466 3288 conversis
479 3233 616 3298 incedunt,
635 3236 790 3306 posteriora
803 3252 862 3289 sec·

83 3331 152 3381 turi.
177 3325 283 3379 IDEM
305 3324 377 3377 dicit
390 3321 591 3376 attentantibus
609 3339 640 3374 se
655 3318 779 3392 facilem
803 3341 863 3379 esse

82 3421 134 3488 qui
156 3419 188 3468 in
210 3415 284 3467 alios
299 3414 387 3485 turpis
401 3421 457 3476 est,
481 3415 528 3484 qui
544 3411 652 3465 vanum
671 3423 757 3483 gerat
772 3409 862 3482 semi·

82 3509 196 3571 uinum,
216 3504 306 3572 etqui
318 3504 427 3572 nigrum
441 3501 516 3572 quod
530 3510 573 3553 est
594 3504 670 3553 intra
682 3502 791 3556 oculum
804 3504 863 3558 ali-

82 3601 193 3666 quanto
212 3591 346 3660 pinguius
368 3584 485 3650 babeat,
513 3597 541 3639 et
564 3591 612 3660 qui
631 3589 729 3642 iterum
755 3593 862 3646 oculum

81 3682 219 3752 glaucum
249 3684 321 3730 erat.
357 3673 438 3726 Idem
473 3675 665 3731 Ants'tosscss
697 3677 776 3731 dieu
797 3696 861 3732 sen-

82 3768 162 3821 sibus
185 3781 245 3819 esse
267 3780 314 3817 eos
336 3762 475 3815 tardiores
500 3779 617 3833 quorum
642 3781 724 3816 crura
749 3777 861 3820 incuruo

83 3867 158 3920 sunt,
184 3871 252 3927 quos
268 3861 371 3905 certam
395 3860 438 3903 εει
458 3849 628 3903 detractione
654 3857 747 3923 potius
767 3854 861 3908 delec-

83 3948 144 4000 tari
165 3961 174 3998 :
198 3953 262 3997 sunt
275 3944 350 3995 enirn
370 3940 449 3992 otiosi
465 3934 592 3992 homiues
612 3944 804 3995 convenientes
821 3946 863 3998 ad

86 4034 177 4088 locum
199 4042 302 4085 certum
315 4032 469 4102 ineptisque
487 4028 691 4081 narrationibus
707 4030 856 4090 studentes.

85 4122 122 4176 Et
142 4120 259 4176 stolidos
283 4116 473 4174 Διιετοτιιῑε
493 4115 561 4168 dicit
580 4133 639 4169 esse
660 4117 760 4191 quibus
778 4137 861 4173 aures

87 4227 203 4282 maguae
219 4219 248 4262 et
264 4207 305 4261 ad
325 4207 429 4260 nubum
444 4222 583 4259 conversae
595 4216 659 4259 suut
668 4208 811 4281 pedesque
830 4214 858 4262 iu

88 4300 198 4353 modum
215 4293 340 4367 falcium
362 4298 468 4348 recurvi
477 4334 486 4363 ,
510 4310 624 4366 quorum
646 4298 710 4348 voci
728 4298 861 4350 insonant

87 4404 179 4453 stares,
193 4396 221 4440 et
239 4401 354 4459 quorum
374 4385 465 4437 latera
481 4383 587 4437 tumida
602 4393 667 4437 sunt
680 4400 717 4438 uc
732 4402 857 4456 recursa,

88 4482 115 4523 ει
126 4489 241 4544 quorum
260 4487 357 4542 genua
370 4474 518 4526 introrsum
528 4481 650 4524 retracta
662 4482 738 4527 sunt.
756 4472 859 4527 IDEM

87 4559 154 4613 dicit
165 4560 285 4615 colorem
291 4557 411 4633 plumbo
427 4559 548 4614 similem
561 4570 590 4613 et
603 4562 651 4632 qui
660 4560 806 4613 distinctus
818 4573 859 4616 cst

91 4649 205 4703 maculis
217 4649 343 4703 rotundis
361 4665 442 4721 quem
465 4651 525 4722 ipse
539 4649 669 4722 appellat
681 4644 778 4719 (deest
800 4665 859 4704 no-

90 4751 154 4792 men
177 4752 302 4811 graecum
314 4730 322 4811 ]
336 4753 500 4809 omnemque
518 4735 657 4791 sordidum
672 4736 790 4790 colorem
811 4756 859 4790 cu·

91 4836 196 4899 terisque
214 4842 338 4879 crassam
352 4843 388 4879 ac
401 4842 545 4900 rugosam,
570 4825 717 4880 rotundum
733 4836 859 4879 ventrem

90 4924 118 4966 et
137 4917 354 4986 prominentem,
376 4914 528 4988 quibusque
549 4931 615 4968 caro
632 4915 729 4967 durior
749 4924 805 4981 est,
832 4926 860 4968 et

92 5004 184 5074 quibus
202 5021 275 5056 sura
285 5021 389 5057 crassae
400 5016 485 5077 utque
496 5019 619 5056 nervosae
631 5011 705 5076 sunt,
718 5013 747 5056 ει
760 5001 861 5076 quibus

95 5093 181 5148 subus
202 5111 339 5165 naresque
351 5111 455 5148 crassa
467 5104 532 5147 sunt
552 5109 562 5149 ι
584 5091 747 5147 stoliditatis
765 5095 860 5147 omnia

93 5178 150 5236 Iioec
171 5200 232 5238 εεεε
248 5183 366 5245 indicia,
389 5183 497 5237 Deinde
517 5184 704 5238 Amusicus
722 5182 791 5235 dicit
809 5185 859 5235 in-

95 5271 165 5324 vidos
183 5288 243 5325 esse
262 5274 309 5344 qui
328 5275 457 5327 sinistras
470 5282 571 5346 partes
596 5276 716 5341 majores
742 5268 857 5332 liabent,

181 5383 345 5423 anismam.
360 5385 416 5424 vot.
434 5385 469 5426 tt.

1639 551 1694 611 193

919 673 949 715 et
975 665 1074 736 quibus
1105 670 1258 740 ssqrercilia
1282 673 1324 726 nd
1353 676 1447 730 oculos
1473 680 1601 734 detracta
1623 696 1694 743 sunt.

920 752 1027 806 IDEM
1040 754 1109 807 dicit
1124 755 1171 809 ubi
1193 774 1230 810 ca
1247 776 1319 830 pars
1332 777 1398 832 quoe
1419 781 1503 837 super
1518 770 1649 840 gingivas
1670 783 1698 825 et

921 855 1000 893 oram
1020 837 1091 895 labii
1106 848 1256 916 superioris
1275 858 1317 901 εει
1336 853 1450 918 eminet,
1467 853 1549 908 idest
1562 858 1698 912 medietas

920 928 982 996 ejus
1008 933 1095 1002 spatii
1116 949 1181 1003 quoe
1206 937 1279 988 inter
1302 953 1387 990 nares
1409 950 1451 993 cst
1468 957 1602 1014 oramque
1626 945 1698 1000 labii

921 1020 1082 1088 superioris,
1106 1020 1274 1075 maledicum
1287 1024 1432 1098 designari
1443 1026 1450 1100 (
1460 1023 1502 1082 ih.
1518 1046 1547 1103 p.
1565 1046 1612 1105 to,
1626 1038 1664 1106 49
1674 1029 1695 1109 ).

921 1104 1031 1158 IDEM
1040 1107 1107 1161 dicit
1121 1109 1274 1164 maledicos
1288 1129 1349 1166 esse
1368 1115 1467 1186 quibus
1487 1117 1592 1172 labium
1607 1122 1696 1177 altum

921 1197 1048 1266 superius
1056 1206 1105 1261 est,
1122 1197 1217 1250 vultus
1223 1204 1353 1270 pronior,
1366 1200 1500 1276 hispidus,
1510 1206 1659 1261 subrubeus
1670 1221 1698 1263 ει

921 1287 962 1335 εει
979 1283 1055 1337 dixit
1067 1289 1125 1356 ipse
1141 1282 1242 1357 (deest
1253 1303 1331 1343 nom.
1345 1305 1390 1363 ge.
1410 1288 1453 1348 cf.
1471 1289 1511 1350 ih.
1525 1309 1557 1368 p.
1573 1292 1603 1363 6,
1630 1295 1696 1370 11).

922 1370 1026 1424 IDEM
1038 1372 1107 1425 dicit
1123 1390 1205 1427 suras
1223 1394 1306 1448 quum
1319 1389 1450 1432 retracta
1467 1392 1532 1435 suut
1552 1384 1594 1437 ad
1603 1400 1697 1454 genua

921 1456 973 1510 vel
982 1456 1158 1534 suffragines,
1177 1461 1303 1516 indicare
1322 1462 1463 1520 bominem
1476 1473 1525 1540 qui
1542 1471 1585 1523 ad
1596 1476 1696 1526 coitum

919 1539 1017 1605 facilis
1030 1548 1068 1600 sit
1086 1558 1115 1600 et
1127 1549 1227 1607 velox.
1253 1551 1355 1606 IDEM
1371 1555 1441 1608 dicit
1443 1550 1543 1623 fimus
1555 1575 1639 1629 quum
1650 1566 1697 1613 ni-

922 1634 979 1685 mia
1006 1650 1093 1687 carue
1115 1638 1317 1692 circumdatum
1341 1651 1392 1706 est,
1407 1637 1582 1709 femininum
1599 1652 1697 1717 potius

921 1719 1015 1774 videri
1032 1737 1040 1773 .·
1057 1724 1138 1775 siccis
1152 1725 1303 1798 solidisque
1316 1724 1423 1782 ossibus
1437 1733 1534 1784 uirtuti
1553 1738 1697 1805 assignari

923 1805 988 1883 (ib.
1004 1826 1034 1884 p.
1051 1828 1082 1882 9,
1105 1808 1172 1887 ub).
1199 1813 1306 1868 IDEM
1323 1816 1392 1871 dicit
1412 1836 1496 1891 quum
1516 1817 1633 1895 bispida
1652 1827 1696 1875 ni·
1723 1858 1727 1865 -

921 1902 1006 1953 mium
1019 1910 1086 1953 suut
1095 1896 1206 1964 femina
1229 1913 1259 1955 ει
1279 1920 1377 1972 cntra,
1389 1923 1497 1979 pronos
1516 1912 1546 1961 in
1565 1927 1695 1965 uenerem

920 1989 1066 2042 ostendere
1086 1985 1236 2058 :refertur
1258 1988 1311 2044 boc
1332 1993 1374 2047 ad
1387 2010 1487 2066 capras
1511 1990 1572 2068 (ib.
1590 2013 1620 2072 p.
1646 2015 1693 2067 11,

925 2073 988 2148 15).
1013 2078 1118 2133 IDEM
1141 2078 1209 2131 dicit
1232 2090 1312 2133 nates
1335 2084 1460 2136 sicciores
1484 2085 1580 2138 viriles
1603 2105 1662 2142 esse
1684 2107 1695 2142 .·

920 2174 1002 2218 nates
1026 2167 1130 2239 amplis
1161 2166 1291 2220 carnibus
1318 2164 1517 2238 effeminatum
1539 2176 1693 2232 ostendere.

920 2252 1011 2307 Nates
1028 2266 1122 2309 autem
1139 2266 1276 2328 tanquam
1291 2252 1419 2311 abscisas
1432 2260 1619 2335 malignitatis
1636 2281 1696 2317 csse

918 2345 1004 2412 signa
1028 2339 1169 2411 :refertur
1192 2344 1245 2398 Itoc
1266 2344 1308 2397 ad
1327 2363 1420 2400 ursum
1441 2359 1469 2401 ει
1500 2353 1612 2404 simiam
1632 2346 1693 2427 (ib.

919 2445 950 2504 p.
968 2447 1003 2502 9,
1032 2429 1065 2484 31
1079 2430 1099 2504 j.
1117 2431 1222 2485 IDEM
1233 2432 1300 2485 dicit
1306 2440 1491 2505 pantomimis
1508 2447 1536 2490 et
1552 2439 1628 2492 aleoe
1647 2440 1697 2494 de·

917 2519 990 2573 ditos
1013 2535 1074 2572 esse
1093 2522 1142 2592 qui
1153 2519 1267 2572 bracieia
1285 2519 1324 2573 ab
1338 2518 1452 2577 liumero
1472 2541 1556 2597 usque
1568 2526 1696 2581 adcubi·

917 2619 976 2662 tum
985 2606 1112 2661 breuiora
1125 2605 1232 2660 lrabeat
1244 2624 1329 2680 quam
1343 2620 1385 2662 est
1393 2615 1516 2682 sqrutium
1527 2613 1566 2666 ab
1579 2611 1695 2671 humero

917 2714 1003 2770 usque
1023 2695 1067 2750 ad
1081 2706 1166 2769 caput
1182 2713 1318 2750 summum
1332 2693 1394 2770 (ib.
1413 2715 1442 2772 p.
1457 2699 1487 2769 6,
1508 2701 1574 2773 11).
1590 2704 1694 2758 Iisdem

917 2788 997 2839 vitiis
1013 2787 1132 2838 attineri
1154 2801 1218 2836 eum
1237 2788 1284 2856 qui
1290 2781 1407 2854 scmiua
1422 2805 1523 2859 parra,
1543 2807 1626 2843 crura
1641 2809 1694 2844 au.

917 2884 972 2928 tem
986 2872 1073 2927 habet
1091 2873 1229 2942 longiora.
1247 2873 1353 2927 IDEM
1363 2877 1434 2928 dicit
1448 2879 1537 2928 tristes
1550 2894 1610 2931 esse
1629 2883 1694 2952 qui·

918 2962 968 3015 bus
979 2962 1075 3016 vultus
1096 2965 1187 3014 omnis
1204 2977 1323 3032 rugosus
1334 2973 1386 3019 εει.
1402 2962 1509 3016 IDEM
1519 2964 1589 3017 dicit
1599 2984 1694 3039 parva

917 3066 1034 3123 corpora
1057 3049 1169 3102 velocia
1195 3046 1253 3120 (ib.
1280 3067 1310 3125 p.
1337 3056 1388 3118 14,
1417 3049 1587 3124 17·).()ιιιιιιι
1608 3056 1694 3124 igitur

916 3143 990 3193 sicca
1001 3156 1069 3192 caro
1081 3148 1125 3191 est
1139 3142 1166 3191 in
1174 3158 1264 3211 pareo
1283 3156 1397 3214 corpore
1405 3139 1534 3214 colorque
1544 3144 1691 3213 candidus,

917 3223 1094 3301 inefficacem
1119 3224 1259 3284 bominem
1293 3248 1352 3283 εεεε
1383 3226 1438 3303 (ib.
1465 3246 1496 3307 p.
1527 3235 1580 3300 ti„
1612 3229 1692 3306 18).·

916 3335 1000 3391 quum
1026 3333 1095 3371 vero
1118 3335 1223 3392 magno
1246 3323 1354 3392 corpori
1372 3338 1439 3374 caro
1463 3319 1556 3376 mollis
1578 3331 1620 3376 εει
1644 3322 1696 3375 vel

916 3406 993 3459 color
1016 3415 1057 3458 εει
1076 3400 1213 3476 frigidus,
1236 3401 1397 3479 inefficaces
1421 3420 1489 3463 sunt
1505 3403 1565 3483 (ih.
1591 3425 1622 3484 p.
1644 3413 1691 3479 tl,

917 3491 955 3547 26
969 3488 989 3568 j
1008 3493 1093 3548 Color
1117 3505 1212 3549 autem
1236 3494 1345 3548 calidus
1364 3501 1446 3571 niger
1467 3507 1522 3561 est,
1549 3496 1688 3569 subniger,

917 3587 1030 3653 ignitus,
1051 3580 1151 3636 rubeus
1176 3599 1184 3634 .·
1211 3583 1288 3637 color
1294 3579 1421 3658 frigidus
1438 3583 1520 3638 albus
1538 3594 1581 3638 εει
1603 3602 1614 3636 .·
1633 3602 1692 3637 rne-

915 3672 977 3724 dius
990 3674 1064 3725 inter
1084 3674 1195 3744 nigrum
1214 3681 1244 3724 ει
1249 3672 1392 3744 pallidum
1412 3671 1538 3726 liabetur.
1552 3672 1591 3726 Et
1602 3674 1691 3726 calidi

916 3760 1016 3814 coloris
1034 3763 1158 3831 signum,
1180 3771 1312 3831 utsupra
1333 3761 1507 3828 dictumest,
1528 3760 1691 3814 meridiame

913 3848 1022 3922 plaga,
1032 3841 1140 3917 frigidi
1150 3848 1361 3920 septentrionali
1378 3847 1542 3902 attributum
1551 3856 1602 3907 εει.
1618 3847 1690 3902 Eur·

914 3953 961 3991 sus
980 3953 1064 4010 qaum
1088 3953 1187 4008 corpus
1194 3952 1316 4007 parvum
1337 3937 1415 3989 molli
1435 3954 1520 3989 carne
1537 3938 1690 3991 circumda·

914 4037 972 4079 tum
995 4034 1080 4078 estet
1098 4023 1217 4078 colorem
1236 4040 1276 4077 es:
1285 4018 1485 4095 frigidioribus
1498 4029 1622 4079 sortitum
1634 4037 1687 4094 est,

914 4110 1003 4171 fissile
1020 4112 1136 4186 perficit
1153 4121 1248 4185 caepta
1270 4122 1299 4166 et
1317 4124 1358 4167 est
1380 4107 1488 4185 efficax
1503 4108 1562 4188 (ib.
1589 4130 1618 4189 p.
1637 4118 1689 4184 14,

915 4198 973 4278 3ο)
993 4219 1116 4275 :corpus
1134 4211 1228 4255 autem
1252 4217 1386 4271 magnum
1399 4217 1483 4274 quum
1504 4203 1580 4254 sicca
1603 4220 1689 4257 carne

912 4290 1116 4345 circumdatum
1149 4297 1191 4342 est
1227 4299 1257 4341 et
1287 4287 1405 4340 colorem
1439 4306 1477 4341 es
1512 4288 1689 4342 calidioribus

911 4382 1045 4452 sunqrsit,
1056 4374 1164 4452 efficax
1182 4388 1222 4430 est
1233 4380 1365 4449 vigetque
1376 4375 1502 4430 sensibus
1516 4372 1576 4451 (ib.
1590 4394 1621 4453 p.
1640 4384 1685 4447 14,
1711 4389 1713 4392 “

915 4464 979 4540 34).
1333 4525 1335 4528 ,

953 4556 1094 4608 Ηιεεειιηι
1112 4572 1176 4627 quoe
1199 4554 1280 4626 apud
1299 4553 1405 4607 Loemu
1430 4564 1458 4607 et
1486 4554 1686 4608 Αιιετοτειιει

913 4645 1040 4699 notando
1055 4662 1113 4698 esse
1132 4643 1312 4712 credidimus,
1328 4661 1392 4716 quoe
1403 4646 1490 4697 etiam
1505 4659 1524 4696 a
1538 4641 1687 4698 Pokmonc

914 4733 964 4787 vel
973 4750 1028 4785 non
1039 4733 1115 4786 dicta
1127 4727 1176 4788 uel
1185 4732 1271 4784 aliter
1278 4731 1352 4783 dicta
1371 4746 1430 4784 esse
1437 4730 1637 4801 perspeximus.
1649 4730 1685 4781 In

913 4826 1011 4876 ceteris
1025 4826 1099 4875 enim
1103 4821 1303 4894 propemodum
1314 4818 1441 4873 omm'bus
1453 4815 1484 4870 tu
1496 4828 1550 4870 tres
1561 4827 1686 4871 auctores

913 4906 1024 4964 sibimet
1044 4912 1226 4964 consentiunt.

955 4996 989 5055 ln
1010 4996 1111 5054 eodem
1132 5006 1252 5053 noctuis
1271 4991 1331 5069 jain
1351 5005 1435 5050 antea
1456 5005 1499 5050 tes
1521 4989 1684 5050 Aristotelis

914 5104 1020 5143 nomen
1037 5082 1186 5141 occurrit:

954 5172 987 5231 P.
1004 5173 1071 5244 133,
1090 5173 1127 5229 13
1144 5191 1151 5226 :
1168 5171 1361 5227 Αειετοτιιῑε
1382 5170 1543 5242 hujusmodi
1554 5173 1611 5224 oris
1633 5165 1684 5220 Ito·

913 5254 1014 5328 mines,
1030 5266 1113 5319 idest
1126 5267 1247 5320 concavi.
1263 5259 1424 5317 libidinosos
1439 5263 1531 5333 magis
1551 5256 1682 5314 ostendit.

950 5365 952 5370 ’
1565 5361 1593 5407 ts
