3959 5900
804 491 1060 556 manantem.

98 621 196 696 gitur,
223 619 287 701 atq,
309 621 375 693 vitii
395 634 490 680 tamen
514 620 627 700 aliquid
644 635 674 682 et
691 621 743 682 hic
761 622 880 685 subesse

98 712 271 786 suspicatus
293 721 337 768 est
355 709 549 785 Bernaysius,
565 710 636 789 qui,
654 723 686 770 ut
701 709 794 786 solet,
814 732 881 771 acu·

98 797 219 857 tissime
230 797 267 856 de
280 796 395 856 Politiis
410 796 572 876 disputavit
584 798 617 857 iu
638 799 799 860 Rheiniscd.
816 803 882 857 Mu·

96 905 183 942 scum
203 890 242 947 Ν.
260 889 359 962 Folge‚
376 897 397 946 t.
411 882 476 958 llll,
493 906 522 964 p.
539 886 596 943 aas
609 906 675 965 sqq.
690 885 813 963 Egregia
826 887 881 963 igi·

99 986 152 1030 tur
180 972 348 1050 conjectura
374 972 471 1031 locum
497 975 611 1032 sanavit
637 994 693 1052 pro
721 972 793 1055 tttn,
816 974 882 1033 ilias

99 1060 265 1120 scribendo
278 1072 306 1120 et
320 1059 464 1120 vocabulo
482 1060 567 1120 κοιναί
576 1074 642 1120 ante
655 1059 701 1121 sal
714 1060 880 1131 inserendo,

97 1149 142 1207 ita
162 1161 196 1208 ut
210 1150 273 1228 jam
295 1147 453 1208 habeamus
463 1148 530 1215 tata<
546 1148 679 1215 mitrale<
692 1168 766 1228 quas
783 1150 881 1217 κοιναῖς

97 1255 294 1316 opponamus,
313 1236 363 1299 bis
376 1239 453 1317 apud
468 1239 726 1317 llarpocrationem
744 1238 879 1311 laudatis,

96 1323 237 1406 Ἀρκάδων
253 1325 364 1387 scilicet
375 1339 403 1386 et
420 1328 566 1387 Θεσσαλῶν
584 1347 609 1387 s.
624 1349 655 1385 r.
669 1324 771 1404 Μύριοι
784 1326 811 1385 ir
824 1326 880 1384 Mt·

97 1411 177 1490 γάλῃ
190 1411 266 1471 nahar
282 1423 312 1470 et
331 1412 494 1492 Τετραρχία.
512 1412 617 1473 Verum
636 1415 690 1474 hac
710 1414 881 1474 difficultate

99 1499 234 1560 feliciter
247 1497 362 1558 sublata
382 1501 473 1560 altera
484 1503 543 1576 jam
557 1515 645 1562 restat
665 1521 757 1580 eaque
770 1504 880 1578 gravis·

97 1587 191 1646 sima.
200 1586 292 1656 Quam
306 1599 401 1646 tamen
410 1608 499 1666 quum
513 1590 546 1648 in
556 1591 620 1650 solo
633 1590 778 1650 uocabulo
790 1612 882 1668 rapas·

98 1673 178 1734 srael
188 1674 311 1755 positam
323 1674 516 1736 arbitraretur
532 1678 717 1754 llernaysius,
733 1697 838 1738 vereor
849 1693 882 1737 ut

98 1782 223 1822 omnem
237 1761 445 1822 dubitationem
467 1764 503 1824 dc
515 1765 562 1824 his
579 1763 680 1825 verbis
695 1764 812 1844 penitus
820 1764 881 1824 dis·

98 1851 239 1911 eusserit.
253 1849 332 1921 Quid
349 1851 436 1921 enim,
463 1852 519 1910 hoc
538 1852 615 1937 loco,
632 1864 737 1930 prater
750 1854 880 1930 priorem

97 1940 187 1999 illam
206 1936 383 1998 divisionem
394 1942 425 1997 in
437 1936 504 2004 teta<
516 1950 546 1996 et
559 1938 656 2010 κοινάς,
669 1938 760 1998 altera
773 1938 804 1997 in
817 1958 881 1998 res·

97 2026 240 2107 publicas
262 2024 706 2102 democratieasfflligarchicas,
732 2026 883 2085 aristocra-

98 2116 187 2188 ticas,
203 2112 267 2173 -sibi
285 2114 357 2173 velit
369 2114 489 2172 minime
503 2114 637 2191 equidem
650 2114 806 2194 perspicio.
822 2114 881 2172 lta·

99 2222 161 2280 que
191 2201 277 2281 plane
299 2222 364 2260 cum
387 2201 419 2260 C.
441 2201 564 2262 hliillero
584 2203 691 2278 sentio,
711 2201 793 2261 illam
808 2202 883 2261 male

12 2334 16 2349 .
98 2290 161 2350 huc
191 2303 311 2369 propter
332 2289 457 2349 Politice
473 2290 581 2348 illatam
607 2308 670 2350 esse
689 2289 880 2350 existimanti.

99 2378 150 2440 Cf.
179 2378 292 2454 Fragm.
313 2377 390 2439 tttst.
407 2396 454 2454 gr.
475 2391 495 2438 t.
518 2377 556 2452 ll,
580 2398 611 2457 p.
636 2387 700 2447 ion.
718 2377 832 2437 Etenim
855 2380 881 2437 si

100 2468 209 2544 quales
229 2465 338 2524 luerint
361 2467 526 2526 Aristotelis
548 2467 660 2527 Politia
682 2485 720 2526 ex
738 2467 812 2546 ipsis
834 2486 882 2526 su·

100 2553 278 2633 perstitibus
301 2554 467 2630 fragmentis
480 2572 581 2613 eruere
592 2553 774 2627 conabimur,
795 2573 884 2633 appa·

100 2643 183 2702 rebit
194 2643 254 2720 jam
270 2640 391 2700 minime
401 2641 434 2701 in
447 2661 482 2701 eo
494 2655 640 2701 versatum
653 2641 740 2701 fuisse
751 2641 881 2719 philoso-

102 2730 199 2808 phum
214 2742 246 2788 ut
257 2728 388 2804 singulas
398 2727 530 2787 civitates
541 2728 700 2787 secuudum
713 2728 883 2807 reipublice

85 2836 212 2893 genera
222 2836 282 2893 quo
301 2815 423 2874 definito
439 2814 565 2893 quodam
584 2827 724 2900 tempore,
740 2815 823 2876 idest
835 2818 880 2896 ip-

100 2905 167 2964 sius
181 2901 352 2981 philosophi
363 2913 456 2975 aetate,
468 2914 630 2976 uterentur,
650 2902 687 2962 ad
698 2915 789 2963 certas
799 2923 881 2983 quas·

101 2993 171 3051 dam
185 2993 293 3051 classes
302 3003 460 3050 revocaret
474 2990 532 3051 Nec
547 2992 638 3069 magis
651 2992 808 3071 probandae
820 3012 882 3054 esse

101 3081 244 3140 videntur
257 3098 357 3139 eornm
371 3078 527 3157 opiniones
540 3082 591 3158 qui
604 3079 718 3152 sive,ut
732 3100 753 3138 a
768 3079 882 3142 Joanne

102 3169 284 3247 Philopono‚
306 3167 373 3226 loco
386 3186 476 3245 supra
496 3168 625 3240 laudato,
649 3168 825 3240 factumest,
846 3189 882 3229 eo

103 3276 199 3334 usque
227 3255 376 3335 progressi
394 3257 473 3330 stint,
494 3269 527 3315 ut
551 3256 730 3315 allirmarent
752 3256 882 3335 philoso-

103 3349 195 3422 phum
211 3344 364 3404 ostendere
377 3345 518 3417 voluisse,
543 3345 615 3422 quid
638 3348 668 3402 in
686 3364 804 3423 quoque
822 3348 881 3405 rei·

102 3433 232 3510 publicae
254 3451 358 3509 genere
382 3431 566 3507 fugiendum,
585 3431 695 3508 quidve
710 3431 881 3492 imitandum

102 3532 197 3589 esset,
212 3518 275 3576 sire
293 3517 345 3594 qui
359 3518 523 3576 arctissimo
542 3517 663 3575 viuculo
677 3517 797 3577 Politian
816 3540 881 3577 cum

104 3605 242 3665 Politicis
263 3603 431 3679 conjunctas
454 3623 517 3662 esse
545 3603 768 3676 contenderent,
792 3606 883 3666 simili

103 3697 195 3772 plane
217 3691 303 3750 modo
326 3712 385 3769 quo
408 3691 485 3749 inter
509 3710 541 3751 se
566 3691 729 3750 cohaereant
748 3692 884 3753 llistoriae

105 3779 288 3840 Animalium
315 3798 380 3837 cunt
409 3779 494 3836 libris
517 3778 554 3836 de
581 3777 776 3837 Generatione
797 3780 884 3840 etde

104 3865 248 3928 Partibus
261 3866 442 3926 animalium.
458 3864 543 3934 Quod
563 3865 649 3943 plane
670 3864 756 3924 aliter
778 3885 810 3925 se
832 3867 881 3926 ba·

104 3954 207 4014 buisse
221 3964 307 4030 atque
321 3951 370 4012 isti
396 3952 535 4023 sentiunt,
555 3951 699 4031 optimum
717 3965 817 4012 testem
836 3956 882 4034 ip·

104 4061 169 4101 sum
187 4039 369 4099 Aristotelem
385 4040 517 4118 prolerre
531 4039 610 4112 licet,
626 4041 736 4120 quippe
747 4042 798 4120 qui
813 4062 881 4103 nus·

105 4148 194 4204 quam
226 4127 256 4185 in
284 4141 350 4186 octo
380 4128 571 4188 Politicorum
602 4127 690 4188 libris
716 4148 753 4187 ne
789 4130 881 4190 verbo

106 4216 224 4291 quidem
243 4214 413 4275 Politiarnm
429 4216 605 4275 mentionem
619 4215 775 4293 injecerit,
787 4238 877 4295 quum

107 4317 208 4362 contra
227 4302 387 4381 sepissime
408 4304 440 4362 in
462 4302 548 4363 libris
570 4322 645 4381 quos
665 4304 881 4366 nominavimus

109 4389 255 4450 Historias
276 4390 454 4449 Animalium
476 4390 617 4451 laudavit.
648 4395 692 4449 De
718 4392 881 4469 ,quastione

109 4478 200 4554 igitur
216 4480 369 4558 qualenam
384 4481 586 4556 argumentum
606 4479 778 4538 Politiarum
794 4480 881 4541 luerit

108 4567 230 4627 minime
243 4566 404 4627 audiendos
419 4586 482 4627 esse
496 4580 567 4646 puto
588 4579 699 4626 veteres
713 4566 881 4647 philosophi

108 4652 297 4735 interpretes,
321 4668 428 4734 praeter
447 4674 538 4715 unum
564 4667 657 4714 tamen
687 4655 764 4735 apud
778 4653 879 4733 'quem

109 4741 228 4803 fortasse
251 4743 375 4804 sanioris
390 4743 502 4802 notitiae
522 4742 646 4819 vestigia
662 4741 880 4821 deprehendere

109 4827 217 4894 licebit.
243 4832 356 4892 Etenim
375 4851 465 4911 quum
490 4829 569 4910 apud
585 4830 772 4908 Anonymum
791 4849 881 4908 supra

106 4915 165 4991 jam
182 4919 347 4993 laudatum,
370 4920 435 4997 qui,
454 4931 527 4978 teste
551 4917 652 4991 llosio,
674 4917 880 4996 Olympiodori

111 5004 139 5062 in
160 5006 320 5086 Porphyrii
335 5008 476 5085 isagogen
489 5005 726 5066 commentarium
738 5004 880 5082 recoquit,

111 5091 168 5153 hac
192 5097 326 5172 legantur
347 5095 437 5156 verba
460 5097 492 5155 in
507 5095 573 5156 cod.
592 5095 685 5154 Paris.
710 5093 785 5173 ¹939
803 5094 823 5154 l.
842 5094 876 5151 51

110 5197 187 5242 recto
201 5207 208 5244 z
224 5184 398 5253 Πολιτείας...
414 5175 449 5244 da
467 5183 629 5266 dra-spinare
644 5181 689 5244 adr
702 5179 769 5263 βίον,
783 5200 881 5240 nonne

109 5268 165 5344 jam
187 5271 340 5351 probabile
360 5273 392 5331 lit
410 5273 472 5331 haec
498 5270 686 5353 adsaqpriqtso
706 5270 750 5330 τὸν
772 5268 827 5348 βίον
843 5288 879 5329 ex

1624 496 1700 555 22!

936 624 1099 703 antiquiori
1118 636 1148 682 et
1160 622 1290 700 graviori
1311 622 1436 699 quodam
1450 636 1566 682 auctore
1580 624 1706 696 hinnisse,

935 714 1215 789 similitudinemque
1246 710 1391 787 quandam
1419 711 1496 770 iuter
1523 711 1708 771 Aristoteleas

935 801 1059 863 Politias
1066 814 1095 858 et
1105 799 1166 859 Blae
1175 797 1306 864 Ἑλλάδος
1316 796 1486 871 Dicaearclti,
1497 799 1581 876 cujus
1588 788 1708 876 singul'ae

936 903 1035 970 partes
1050 889 1169 947 fortasse
1183 886 1359 945 Politiarum
1375 886 1494 945 nomine
1512 889 1651 961 citantur,
1666 902 1707 948 at·

935 996 994 1056 que
1013 974 1145 1035 Clearchi
1169 973 1298 1032 Solensis
1318 972 1395 1040 Βίους
1417 976 1633 1034 intercessisse?
1653 979 1708 1038 Cui

936 1063 1087 1125 sententia
1109 1060 1194 1119 fidem
1207 1059 1378 1119 conciliabit
1396 1080 1461 1119 cum
1483 1061 1707 1137 fragmentorum

935 1148 1116 1220 similitudo,
1141 1161 1201 1205 tutu
1225 1146 1399 1206 l'arrouiani
1422 1147 1523 1225 scripti
1545 1149 1646 1210 titulus
1673 1154 1707 1210 ad

935 1239 1103 1298 Graecorum
1135 1235 1327 1295 imitationem
1357 1236 1511 1312 compositi
1542 1257 1550 1293 ε
1577 1241 1621 1294 De
1648 1249 1708 1296 utra

932 1331 1034 1403 poprttlt'
1066 1329 1186 1383 Romani
1211 1327 1246 1384 ll.
1272 1326 1328 1383 IV.
1356 1322 1402 1381 Cl.
1433 1321 1560 1398 catalog.
1588 1345 1707 1403 operum

934 1413 1074 1473 Varronis
1090 1414 1121 1471 in
1134 1414 1287 1489 Spicilegr'o
1301 1413 1478 1481 Solrsmenrt',
1495 1424 1515 1471 t.
1534 1416 1590 1484 111,
1606 1434 1635 1492 p.
1652 1416 1707 1473 312

935 1514 964 1560 et
978 1502 1138 1576 fragmenta
1151 1498 1187 1557 ad
1201 1499 1307 1558 calcem
1324 1496 1463 1558 editionis
1479 1497 1655 1577 Bipontiuae.

976 1589 1042 1645 llaec
1069 1588 1095 1646 si
1122 1599 1222 1645 nostra
1243 1585 1423 1663 comparatio
1448 1584 1622 1663 probabitur
1645 1587 1705 1663 jam

935 1677 1027 1735 nmlto
1041 1674 1198 1734 dilucidius
1216 1672 1382 1752 apparebit,
1404 1673 1551 1750 quomodo
1565 1675 1601 1732 de
1622 1676 1705 1735 hris-

936 1763 1041 1822 toteleo
1068 1780 1156 1838 opere
1178 1759 1369 1838 judicandum
1403 1761 1451 1818 sit.
1475 1759 1555 1819 Patet
1577 1762 1653 1819 enim
1678 1764 1708 1822 in

934 1852 1060 1927 singulis
1082 1848 1199 1908 Politiis
1227 1848 1380 1924 diligenter
1403 1847 1523 1906 collecta
1543 1862 1572 1906 et
1593 1863 1709 1911 enotata

936 1940 1025 1999 luisse
1038 1956 1219 2016 quascunque
1242 1938 1278 1997 ad
1292 1936 1435 2013 cujusque
1454 1938 1583 1996 civitatis
1606 1939 1706 2011 situm,
1762 1992 1764 1994 .
1842 1974 1849 1986 ·

935 2029 1099 2105 originem,
1113 2028 1307 2097 incrementa,
1324 2026 1473 2097 instituta,
1488 2026 1583 2103 leges,
1598 2047 1704 2100 risores,

939 2118 1139 2193 magistratus,
1157 2114 1315 2191 religiones
1328 2112 1501 2172 illustranda
1520 2116 1707 2192 pertinerent.

918 2206 1037 2282 itaque
1052 2205 1156 2262 lactum
1168 2216 1223 2275 est,
1240 2214 1273 2260 ut
1288 2201 1448 2277 fragmenta
1459 2220 1541 2279 paene
1559 2205 1656 2261 omnia
1670 2205 1706 2263 ad

935 2305 1028 2352 certas
1038 2291 1121 2371 quasi
1134 2293 1237 2350 classes
1255 2289 1385 2348 revocari
1404 2288 1528 2367 possint.
1543 2290 1658 2368 Quippe
1672 2293 1702 2351 in

935 2380 982 2439 his
990 2380 1138 2459 precipue
1152 2389 1308 2438 versantur
1328 2398 1335 2433 :
1352 2377 1386 2435 ln
1402 2375 1572 2434 enarrandis
1585 2377 1704 2437 urbiam

935 2470 1033 2530 initiis
1040 2466 1204 2545 fabulisque
1217 2465 1416 2544 cujuscunque
1426 2465 1541 2540 generis
1556 2464 1591 2523 de
1605 2485 1705 2524 earum

936 2555 1140 2617 conditoribus
1155 2553 1327 2624 afferendis3
1347 2550 1378 2610 in
1399 2552 1584 2629 explicandis
1607 2573 1705 2614 earum

935 2642 1105 2702 nominibus
1117 2655 1146 2700 et
1159 2641 1232 2713 situ,
1247 2641 1279 2700 in
1288 2639 1513 2718 interpretandis
1525 2638 1708 2701 obsoletiori·

935 2728 992 2791 bus
1008 2743 1037 2789 et
1051 2730 1148 2789 nilons
1162 2729 1286 2804 cognitis
1298 2727 1463 2800 vocabatis,
1480 2728 1510 2785 in
1522 2732 1706 2788 enarratione

935 2816 1178 2896 proverbiorum
1199 2817 1231 2875 in
1249 2814 1422 2874 delinitione
1439 2815 1622 2889 singulorum
1647 2836 1704 2874 ma·

935 2906 1119 2982 gistratuum,
1133 2902 1324 2981 judiciorum,
1336 2920 1489 2962 munerum
1501 2899 1704 2980 publicorum,

936 2993 967 3051 in
978 2989 1232 3051 dissertationibus
1248 2989 1285 3047 de
1298 2990 1426 3048 nummis
1436 3002 1466 3048 et
1486 2991 1630 3050 mensuris
1641 2992 1706 3054 cui·

935 3099 993 3157 que
1005 3078 1073 3138 urbi
1092 3075 1302 3157 peculiaribus.
1315 3076 1431 3148 Quibus
1443 3077 1469 3136 si
1486 3077 1633 3138 addideris
1652 3080 1704 3138 ob·
1744 3151 1750 3160 ι

935 3170 1114 3229 servationes
1125 3168 1265 3246 quasdam
1278 3166 1315 3226 de
1328 3187 1360 3226 re
1370 3167 1506 3239 naturali,
1519 3166 1702 3246 publicorum

935 3270 1189 3318 monumentorum
1203 3256 1354 3329 notitiam,
1369 3255 1538 3315 memoriam
1553 3258 1706 3335 praeclaro·

936 3367 1000 3406 rum
1016 3346 1212 3422 inventorum,
1220 3344 1281 3423 jam
1295 3343 1494 3404 omniserunt
1507 3355 1578 3422 puto
1588 3343 1624 3402 de
1639 3348 1705 3422 qui-

939 3435 993 3494 bus
1015 3435 1046 3493 in
1071 3434 1186 3495 Politiis
1207 3434 1329 3492 relatum
1357 3444 1427 3492 erat.
1450 3431 1551 3508 Neque
1569 3431 1601 3490 in
1622 3451 1656 3490 ea
1676 3454 1707 3490 re

936 3522 1021 3580 aliter
1045 3521 1138 3580 facere
1156 3539 1273 3598 possum
1288 3519 1361 3596 quin
1376 3538 1393 3576 a
1410 3520 1445 3578 C.
1462 3518 1585 3575 hliillero
1599 3518 1706 3576 dissen-

936 3609 1004 3665 tiam
1016 3651 1025 3679 ,
1038 3607 1089 3683 qui
1104 3626 1193 3683 quum
1207 3606 1252 3665 l.l.
1268 3606 1429 3663 rectissime
1443 3603 1586 3662 laudasset
1608 3630 1620 3654 r
1635 3606 1706 3662 sim·

935 3697 1095 3771 plicitatem
1111 3706 1197 3770 atque
1215 3693 1329 3768 antiqui
1344 3693 1400 3749 aevi
1426 3691 1596 3749 cruditatem
1619 3711 1704 3769 quam

936 3803 997 3861 prae
1011 3802 1042 3841 se
1054 3782 1149 3839 ferunt
1159 3781 1340 3838 narrationes
1354 3798 1370 3836 e
1386 3777 1501 3838 Politiis
1519 3791 1672 3854 excerpta,
1691 3806 1703 3830 s

940 3871 1001 3929 haec
1016 3869 1129 3928 addidit
1148 3889 1156 3928 :
1180 3896 1192 3919 ·
1214 3867 1278 3926 Non
1294 3868 1452 3925 excludunt
1465 3866 1525 3923 haec
1541 3884 1607 3924 aare
1621 3879 1707 3944 atque

935 3959 1086 4037 perspicax
1095 3956 1132 4015 de
1140 3956 1178 4015 iis
1186 3954 1273 4014 rebus
1281 3954 1438 4031 judicium.
1448 3980 1460 4004 ι
1473 3952 1559 4023 Quod
1566 3955 1656 4025 enim,
1666 3958 1703 4027 si,

935 4060 967 4104 ut
981 4047 1029 4104 vir
1051 4044 1236 4104 doctissimus
1257 4042 1415 4102 arbitratus
1428 4054 1489 4113 est,
1505 4042 1546 4099 ita
1560 4059 1661 4100 revera
1675 4063 1706 4102 se

935 4129 1101 4208 habuisset,
1124 4131 1255 4210 prolecto
1277 4129 1342 4207 ejus
1367 4130 1407 4188 rei
1432 4128 1605 4187 documenta
1630 4132 1705 4189 inter

935 4219 1095 4294 fragmenta
1119 4230 1273 4277 exstarent.
1294 4219 1366 4288 Quae
1394 4231 1488 4276 autem
1515 4236 1604 4293 quum
1626 4220 1707 4278 nulla

933 4305 1000 4373 sint,
1027 4319 1057 4364 ut
1073 4306 1135 4384 ipse
1149 4306 1253 4364 fatetur
1271 4305 1431 4377 hliillerus,
1446 4302 1506 4381 jam
1523 4303 1707 4382 probabilior

933 4394 1079 4471 sequenda
1092 4394 1148 4452 erit
1160 4394 1283 4472 opinio,
1306 4393 1439 4452 consulto
1454 4393 1515 4451 haec
1530 4391 1567 4451 ab
1588 4395 1704 4454 Aristo·

934 4480 989 4540 tele
1014 4481 1121 4542 omissa
1150 4500 1212 4541 esse
1235 4481 1368 4559 nihilque
1400 4479 1480 4540 aliud
1503 4479 1592 4556 igitur
1616 4480 1705 4541 luisse

933 4568 1076 4641 Politian,
1118 4582 1151 4628 ut
1179 4581 1208 4628 et
1241 4583 1335 4628 cetera
1370 4568 1508 4627 historica
1539 4566 1704 4628 Aristotelis

934 4657 1059 4736 scripta,
1086 4657 1144 4717 nisi
1171 4677 1250 4717 mera
1271 4656 1459 4723 collectanea,
1477 4667 1507 4713 et
1526 4653 1644 4730 quidem
1666 4656 1706 4713 ita

933 4757 1084 4820 congesta,
1111 4757 1143 4802 ut
1165 4764 1201 4804 ne
1224 4745 1395 4805 continuum
1416 4742 1534 4823 quidem
1549 4761 1623 4821 opus
1636 4742 1705 4801 elle·

934 4834 1047 4906 cerint,
1077 4833 1128 4893 sed
1153 4833 1353 4893 tantummodo
1372 4832 1518 4912 excerptis
1540 4843 1568 4890 et
1592 4831 1705 4891 notitiis

933 4920 1131 5000 cujuscunque
1162 4924 1293 5001 generis,
1320 4922 1402 4981 nullo
1431 4923 1557 4981 arctiore
1586 4920 1705 4979 viuculo

932 5009 1009 5070 iuter
1028 5030 1059 5071 se
1072 5009 1286 5070 coherentibus
1300 5023 1473 5070 constarent.
1488 5010 1521 5068 ln
1535 5010 1619 5067 talem
1635 5026 1704 5064 sero

933 5098 1101 5175 opinionem
1119 5099 1156 5156 de
1180 5100 1345 5157 Aristotelis
1361 5097 1476 5157 l‘olitiis
1498 5112 1528 5155 ttt
1552 5098 1702 5174 petmeuia·

934 5204 1015 5258 mus,
1033 5188 1118 5264 plura
1129 5198 1196 5246 sunt
1210 5205 1276 5264 quae
1290 5206 1342 5245 nos
1359 5198 1543 5266 permovent.
1555 5182 1610 5240 Fac
1625 5181 1703 5239 enim

933 5273 1135 5347 Aristotelem,
1152 5286 1183 5331 ut
1197 5272 1369 5352 plerumque
1382 5273 1523 5333 creditum
1537 5281 1599 5348 est,
1614 5267 1703 5327 histo·
