3959 5900
853 428 1017 492 ultioni.
1699 439 1737 499 19

173 560 265 621 Aliter
278 580 348 620 rero
361 560 398 620 de
409 560 513 620 ultimo
526 559 578 638 qui
593 572 681 619 restat
694 561 760 619 loco
773 572 902 619 statuen-

130 654 207 712 dum’
222 669 285 712 esse
298 670 383 710 nemo
408 649 492 709 facile
513 668 619 726 negare
643 648 771 729 poterit,
796 648 854 708 nisi
876 649 902 708 si

129 742 197 820 quis
214 739 370 799 verborum
393 738 558 799 Aristotelis
581 758 696 798 sensum
723 737 760 798 ad
786 738 903 818 opinio·

133 850 199 889 nem
210 830 383 906 detorquere
397 847 548 905 aggressus
563 829 629 889 erit.
640 826 736 898 Quum
746 825 825 887 enim
839 826 905 906 pbi-

130 917 270 998 losopbns
286 916 327 975 ita
342 916 464 976 dixisset
485 916 517 975 in
534 915 665 993 Poetica,
681 936 706 976 c.
734 915 781 988 15,
804 918 823 993 §
842 918 877 975 15
894 939 903 976 r

131 1008 225 1067 Ταῦτα
245 1005 274 1065 li
299 1004 338 1063 διῖ
360 1005 501 1084 inemptis,
520 1000 647 1079 καὶπρὸς
669 1000 769 1069 τούτοις
782 1003 817 1061 τὰ
831 1002 906 1086 napis

130 1090 216 1160 edel}
233 1089 351 1169 decipitne
363 1088 553 1157 duoloubot'icue
572 1088 706 1162 αἰσθήσεις
718 1092 752 1169 τῇ
765 1095 905 1172 ποιητικῇ,

130 1179 176 1240 xal
200 1176 252 1258 γᾶιρ
278 1179 337 1237 κατ’
365 1175 445 1245 αὐτὰς
471 1177 540 1236 ἔστιν
570 1174 729 1257 ἇμορτάνιιν
759 1177 904 1246 πολλάκις

130 1266 238 1327 deinde
260 1285 332 1325 vero
343 1266 525 1326 addidisset:
543 1262 647 1345 ιῐρητιιι
662 1262 689 1323 δὲ
702 1264 763 1345 trapi
780 1266 867 1325 αὐτῶν
881 1267 907 1326 ir

129 1364 183 1423 τοῖς
194 1354 371 1432 ἐκδιδομίιοις
384 1356 469 1432 λόγοις
481 1355 590 1426 ἱκανῶς,
615 1372 675 1411 non
693 1353 792 1413 minus
806 1356 862 1413 lroc
874 1355 906 1412 lit

131 1443 318 1523 perspicuum
335 1445 373 1502 de
386 1442 446 1501 alio
462 1442 588 1518 quodam
599 1438 689 1514 libro,
709 1459 763 1499 nec
775 1460 859 1518 vero,
875 1454 908 1501 ut

130 1532 227 1590 locum
242 1530 350 1590 Rosius
363 1530 570 1609 interpretatus
586 1540 639 1602 est,
655 1527 693 1586 de
712 1527 753 1587 iis
767 1547 833 1606 qum
856 1549 904 1589 su·

130 1619 300 1698 perioribus
308 1617 442 1698 partibus
450 1616 579 1694 ejusdem
594 1613 666 1674 libri
677 1616 755 1674 dicta
765 1628 856 1689 erant,
865 1617 908 1676 lo-

132 1716 231 1765 cutam
250 1725 314 1766 esse
334 1718 463 1783 poetanq
479 1723 566 1782 quam
588 1702 674 1776 illud,
698 1701 777 1763 bunc
797 1701 906 1762 librum

131 1795 181 1853 rix
196 1794 287 1853 alium
297 1812 360 1853 esse
374 1811 461 1872 posse
482 1810 569 1869 quam
584 1789 732 1866 dialogum
746 1789 783 1847 de
796 1787 906 1863 Poetis,

132 1883 187 1955 ita,
208 1896 241 1942 ut
261 1881 320 1941 nisi
344 1893 446 1961 postea
467 1877 584 1937 additus
609 1896 672 1937 esso
693 1876 907 1938 demonstretur

130 1972 226 2044 locus,
240 1984 371 2030 tenemus
385 1968 448 2046 jam
463 1966 674 2039 testimonium,
696 1986 755 2045 qno
776 1980 837 2026 tota
856 1968 909 2027 illa

131 2080 197 2138 qnae
211 2058 249 2118 tle
262 2057 429 2117 Aristotelis
448 2056 587 2133 dialogis,
611 2056 695 2133 quasi
711 2056 909 2135 supposititiis

131 2162 160 2207 et
183 2146 361 2228 philosopho
376 2144 518 2222 indignis,
533 2162 628 2222 nuper
641 2144 774 2222 exposita
788 2157 832 2204 est
846 2163 909 2204 sen·

122 2237 225 2305 ,tentia
245 2235 388 2295 concidet.

171 2328 231 2388 Sed
240 2327 328 2386 missa
336 2325 398 2403 jam
409 2335 469 2381 tota
481 2321 536 2379 hac
549 2318 758 2399 disputatione,
770 2336 828 2395 qua
841 2315 909 2394 qui·

133 2419 198 2476 dem
209 2435 255 2475 res
266 2412 434 2473 adumbrari
446 2409 546 2486 potius
561 2428 647 2485 quam
663 2406 776 2466 absolvi
793 2405 909 2483 potuit,

133 2501 170 2560 ad
175 2501 307 2577 singulos
320 2499 453 2577 dialogos
461 2514 625 2579 pergamus.
639 2496 673 2555 ln
681 2498 865 2556 recensendis
871 2496 909 2555 iis

132 2597 277 2677 equibus
296 2597 454 2674 fragmenta
474 2606 587 2655 seruata
604 2606 682 2664 sunt,
701 2592 792 2652 secmi
808 2611 909 2651 sumus

133 2688 267 2747 ordinem
289 2706 350 2764 quo
372 2684 449 2763 apud
470 2683 629 2760 Diogenem
648 2678 810 2738 enumerati
828 2690 906 2749 sunt,

134 2777 193 2836 nisi
206 2774 285 2855 quod
310 2773 346 2832 ad
369 2772 489 2831 ultimos
505 2770 608 2829 attinet
628 2767 740 2839 titulos,
760 2785 833 2844 quos
848 2786 907 2824 me·

135 2864 212 2923 liore
221 2863 327 2923 ordine
338 2878 468 2921 servasse
478 2858 594 2917 ridetur
604 2859 786 2935 Anonymus.

329 3032 421 3092 ΠΕΡΙ
441 3029 714 3091 ΔΙΚΑΙΟΣΥΝΗΣ
736 3111 740 3118 .

177 3205 224 3268 Ad
247 3204 345 3264 nullos
371 3202 445 3263 alias
471 3201 566 3263 libros
587 3218 674 3278 quam
699 3197 736 3256 ad
762 3196 911 3274 dialogum

137 3291 393 3375 πιρὶΔιιιιιιοούνης,
409 3309 496 3369 quem
507 3290 637 3366 primum
651 3300 773 3364 uterque
784 3299 913 3346 recenset

958 576 988 619 et
1002 565 1136 635 liberalis,
1154 577 1184 621 et
1201 586 1266 641 quoe
1283 585 1376 623 omnes
1392 572 1483 640 magis
1501 587 1585 642 quam
1599 588 1679 644 sepse
1694 572 1736 624 di·

961 654 1034 726 tigit,
1045 654 1114 709 aliis
1133 666 1202 710 nata
1214 659 1309 729 potius
1322 674 1406 730 quam
1419 657 1486 726 sibi,
1498 662 1621 712 excitare
1634 663 1738 727 jacen·

960 752 1059 796 temet
1076 746 1107 795 in
1132 743 1182 797 ilio
1191 744 1282 797 diuino
1296 745 1366 799 solio
1378 762 1433 800 non
1456 745 1539 818 lange
1559 764 1579 800 a
1597 751 1738 819 sapientia

959 831 1106 886 collacare.
1119 831 1179 886 Nec
1192 850 1260 886 uero
1275 834 1331 887 iilis
1351 844 1402 887 aut
1412 835 1545 888 uoluntas
1552 832 1646 895 defuit
1659 832 1738 910 (quoe

960 924 1036 974 enim
1050 923 1084 973 iis
1096 920 1237 975 scribendi
1251 921 1425 987 allamma,
1453 934 1505 976 aut
1529 923 1607 996 quod
1626 928 1738 979 omnino

960 1008 1108 1063 consilium
1124 1003 1241 1083 fuiti),
1267 1020 1318 1064 aut
1347 1011 1507 1083 ingenium,
1538 1028 1590 1084 qua
1612 1011 1739 1067 omnibus

958 1099 1167 1168 prestiterunt,
1207 1112 1273 1151 cum
1311 1106 1340 1151 et
1372 1092 1430 1151 alia
1461 1094 1560 1152 omnia
1593 1093 1739 1165 indicant,

962 1190 1036 1251 tum,
1052 1179 1104 1257 qui
1120 1178 1242 1256 integris
1255 1178 1407 1238 Ciceronis
1421 1179 1458 1238 de
1471 1177 1634 1258 Republica
1653 1181 1739 1241 libris

962 1284 1033 1324 usus
1044 1279 1099 1339 est,
1112 1264 1290 1340 lactantius,
1303 1267 1383 1347 apud
1395 1286 1481 1347 quem
1502 1269 1609 1347 saepius
1626 1270 1738 1329 Aristo·

963 1353 1029 1413 telis
1043 1374 1118 1433 opus
1135 1355 1303 1433 respicitur,
1322 1356 1392 1415 licet
1417 1357 1476 1435 ipsi
1492 1353 1642 1415 Lactantio
1658 1376 1675 1415 e
1690 1357 1738 1416 Ci-

962 1460 1068 1500 cerone
1087 1455 1197 1500 tantum
1209 1444 1381 1504 innotuerit.
1400 1441 1444 1505 lta
1461 1443 1538 1502 enim
1553 1442 1611 1513 ille,
1630 1443 1737 1506 lnstitt.

961 1525 996 1599 V,
1013 1549 1068 1602 17:
1084 1533 1159 1587 Nam
1180 1532 1265 1586 Plato
1275 1543 1305 1586 et
1322 1534 1486 1587 Aristoteles
1498 1530 1614 1587 honesta
1631 1534 1740 1607 quidem

962 1618 1107 1672 voluntate
1124 1621 1264 1689 justitiam
1282 1614 1433 1687 defendere
1451 1624 1607 1692 cupierunt,
1627 1616 1737 1691 effecis-

961 1718 1077 1780 sentque
1093 1706 1219 1781 aliquid,
1233 1709 1260 1759 si
1275 1717 1391 1760 conatus
1406 1724 1502 1761 eorum
1523 1708 1623 1776 bonos,
1641 1713 1666 1761 si
1681 1710 1742 1763 elo·

961 1796 1115 1867 quentiam,
1133 1799 1159 1848 si
1178 1798 1309 1849 uirtutem
1328 1798 1420 1848 animi
1441 1805 1470 1848 et
1489 1798 1606 1867 ingenii,
1629 1796 1741 1850 diuina·

962 1900 1023 1936 rum
1037 1899 1144 1956 quaque
1154 1899 1246 1937 rerum
1259 1881 1526 1950 doctrinajuvisset3
1541 1879 1616 1940 ibid.
1632 1902 1658 1939 c.
1677 1889 1711 1948 ri
1730 1902 1738 1939 :

964 1969 1126 2025 Carneades
1138 1982 1249 2039 autent,
1266 1981 1297 2024 at
1309 1970 1481 2024 Aristotelem
1495 1966 1640 2039 refelleret
1659 1983 1746 2043 atque
1822 1992 1824 1996 ·

964 2056 1121 2128 Platonem,
1136 2062 1257 2129 Justitioe
1272 2068 1416 2130 patronos,
1429 2062 1527 2130 prima
1540 2058 1593 2112 illa
1613 2060 1744 2133 disputa-

964 2149 1038 2199 tiorte
1045 2147 1161 2217 collegit
1170 2163 1206 2200 ea
1218 2147 1326 2212 omnia,
1342 2163 1407 2219 quoe
1415 2163 1469 2218 pru
1473 2148 1585 2216 justitia
1598 2144 1739 2200 diceban-

964 2244 1018 2302 tur,
1043 2246 1074 2288 ut
1090 2243 1185 2307 posset
1201 2234 1266 2301 iila,
1290 2228 1453 2301 sieutsecit,
1469 2244 1604 2299 everteret
1626 2229 1735 2289 lnstitt.

963 2319 1043 2399 Epit.
1067 2321 1105 2377 ad
1125 2318 1245 2378 Pentad.
1260 2338 1287 2376 c.
1304 2317 1341 2376 55
1362 2319 1509 2375 :Plurimi
1527 2320 1637 2394 quidem
1649 2321 1745 2393 pleiio·

965 2410 1126 2485 sopitorum,
1146 2411 1199 2465 sed
1220 2412 1343 2463 maxime
1362 2409 1447 2464 Plato
1463 2418 1493 2463 et
1513 2411 1681 2477 Aristoteles,
1708 2411 1745 2465 de

963 2502 1073 2571 justitia
1094 2500 1182 2553 multa
1202 2498 1342 2563 dixerunt,
1362 2507 1516 2552 asserentes
1534 2508 1564 2552 et
1580 2500 1746 2555 extollentes

965 2605 1029 2642 eam
1050 2604 1160 2640 summa
1185 2584 1269 2639 laude
1287 2584 1429 2651 uirtutem,
1457 2585 1534 2659 quod
1552 2604 1631 2639 suum
1649 2592 1747 2662 cuique

965 2675 1085 2743 tribuat,
1108 2674 1183 2748 quod
1204 2676 1365 2747 equitatem
1395 2677 1425 2727 in
1445 2673 1573 2728 omnibus
1597 2686 1699 2743 semet,
1715 2687 1743 2729 et

964 2780 1048 2836 quum
1071 2773 1172 2816 ceterae
1190 2764 1309 2815 virtutes
1322 2764 1405 2833 quasi
1423 2764 1519 2814 taeitoe
1538 2766 1607 2833 sint,
1625 2772 1652 2816 et
1673 2767 1746 2817 intres

965 2851 1087 2915 inclusae,
1103 2850 1194 2904 solam
1207 2865 1266 2902 esse
1281 2852 1436 2918 justitiam,
1447 2866 1511 2921 quoe
1520 2866 1570 2903 nec
1579 2849 1633 2903 sibi
1639 2861 1746 2905 tantum

965 2937 1114 2992 conciliata
1130 2938 1187 3003 sit,
1210 2953 1261 2990 nec
1277 2935 1401 3003 occulta,
1419 2934 1471 2989 sed
1477 2931 1559 3005 foras
1573 2947 1630 2991 tota
1643 2941 1748 3010 prorni-

966 3036 1051 3097 neat,
1064 3024 1147 3079 etad
1164 3022 1234 3078 bene
1244 3018 1416 3094 faciendum
1426 3042 1518 3096 prona
1535 3028 1585 3091 sit,
1602 3034 1634 3079 ut
1647 3043 1747 3098 quarn-

965 3116 1212 3189 pltirimisprosi13
1225 3122 1254 3167 et
1268 3109 1357 3189 paulo
1371 3122 1437 3188 post
1449 3130 1456 3165 ι
1469 3113 1529 3167 Nec
1538 3115 1675 3168 immerito
1694 3132 1745 3168 ee·

967 3207 1036 3259 stitit
1050 3202 1222 3270 Carneades,
1232 3199 1429 3255 ltomosummo
1438 3205 1548 3276 ingenio
1562 3213 1592 3256 et
1603 3206 1744 3273 acumine,

968 3296 1017 3367 qui
1025 3289 1166 3363 refelleret
1180 3295 1295 3345 istorum
1308 3294 1463 3344 orationem
1479 3301 1508 3344 et
1515 3294 1668 3360 justitiam,
1684 3310 1748 3363 qua

137 3382 226 3442 index
238 3380 288 3462 (de
301 3384 425 3453 lustitia,
438 3380 459 3439 l.
476 3377 525 3448 tv,
543 3373 721 3446 Dmhemal„
746 3371 795 3451 is),
810 3373 914 3432 relerri
949 3422 954 3430 .
960 3377 1182 3451 fiendamentum
1194 3378 1296 3434 stabile
1305 3396 1361 3432 non
1372 3377 1507 3445 habebas,
1520 3389 1672 3433 everteret:
1692 3396 1747 3433 non

137 3487 233 3550 posse,
251 3487 317 3545 quae
333 3479 400 3546 post
418 3465 488 3525 satis
507 3482 641 3540 magnam
663 3463 795 3520 lacunam
811 3461 843 3519 in
859 3461 914 3521 ci-

138 3557 254 3617 ceronis
270 3554 412 3614 librisde
437 3551 599 3632 Republica
618 3549 675 3621 lll,
703 3570 727 3608 e.
754 3550 785 3621 8,
806 3548 914 3624 legun·

138 3659 206 3706 tur:
278 3647 448 3718 etrepcrlret
462 3653 491 3697 et
513 3652 648 3708 tueretur5
672 3641 747 3695 alter
764 3650 856 3694 autem
879 3639 916 3693 de

139 3742 203 3812 ipsa
223 3734 338 3803 justitia
357 3740 489 3802 quattuor
503 3729 628 3800 impleuit
648 3744 717 3782 sane
733 3726 855 3800 grortdes
877 3725 916 3779 li·

140 3822 213 3881 iras.
226 3820 303 3875 Nam
310 3835 329 3871 a
344 3814 502 3889 Chrysippo
515 3814 591 3869 nillil
602 3831 733 3888 magnum
741 3830 791 3867 nec
805 3813 917 3882 magmi-

141 3912 226 3971 icum
247 3904 412 3972 desideravi,
432 3906 481 3976 qui
492 3919 540 3955 sua
551 3901 672 3975 quadam
690 3916 766 3954 more
784 3900 915 3972 loquium,

140 4014 171 4057 nt
183 3998 282 4055 omnia
291 3992 440 4049 vertomm
452 3993 607 4059 momentis,
620 4007 675 4044 non
685 4005 776 4042 rerum
786 3988 918 4061 ponderi·

145 4085 195 4142 bus
213 4084 368 4140 examinet.
392 4080 509 4135 Illorum
526 4074 593 4148 suit
610 4076 740 4144 heroum,
756 4093 819 4129 eam
831 4079 919 4132 virtu·

143 4191 208 4251 tem,
222 4191 287 4249 qua·
300 4182 343 4228 esi
357 4188 426 4238 una,
442 4173 468 4222 si
487 4168 569 4222 morlo
586 4177 636 4235 est,
652 4168 775 4219 maxime
786 4163 918 4235 munifica

143 4354 428 4417 >assumamusque
441 4366 487 4401 nou
508 4353 589 4401 ridere
601 4351 723 4405 confiteor.
736 4362 780 4397 cur
795 4355 851 4399 tunc
859 4361 917 4406 pre·

145 4432 213 4479 terito
225 4432 330 4485 tempore
338 4418 731 4478 &loaoimdislssettlristoictem
744 4414 918 4472 necitloo'cmi

144 4491 214 4550 Quod
225 4491 245 4536 sl
255 4491 314 4536 laisa
329 4488 440 4546 opinione
453 4485 565 4541 decipior.
580 4495 686 4530 errooem
696 4481 861 4529 condonabant
873 4481 918 4527 stri

145 4551 319 4603 humanissimi,
332 4549 357 4595 in
372 4559 398 4594 re
409 4548 458 4593 mm
475 4544 566 4592 lubrica
580 4544 710 4602 presertim
723 4543 883 4595 οοιιιοιιιιιιιιι.
896 4543 919 4586 et

144 4613 187 4669 qui
198 4611 265 4665 rami,
279 4612 307 4656 ut
321 4620 384 4655 acac
396 4606 475 4660 rideo.
487 4608 616 4654 muminito
629 4606 706 4659 Paeto.
717 4604 780 4650 band
788 4602 919 4661 immundo

145 4671 424 4729 nrutomnsintcrpretc,
436 4670 566 4715 mmmuuls
580 4670 620 4716 est.
631 4666 668 4716 el.
677 4668 728 4724 dus
735 4677 821 4713 mmm.
834 4666 859 4712 ln
867 4665 887 4711 l.
897 4664 915 4710 l.

145 4738 175 4783 dc
182 4737 301 4792 nulmmp.
310 4730 492 4779 ammissum.
502 4737 561 4777 teat.

970 3474 1038 3544 quia
1049 3467 1269 3542 vituperandam
1283 3484 1344 3522 esse
1346 3468 1486 3538 justitiam
1499 3466 1648 3535 sentiebat,
1660 3466 1748 3520 sedat

970 3558 1033 3612 illos
1057 3553 1217 3626 defensores
1231 3561 1292 3626 ejus
1312 3555 1467 3610 ostenderet
1482 3553 1557 3608 niiiil
1575 3558 1656 3620 certi,
1677 3551 1750 3607 niln‘i

966 3645 1051 3718 firmi
1074 3644 1110 3698 de
1126 3645 1237 3716 justitia
1251 3643 1393 3698 disserere.
1419 3638 1460 3697 Ne
1473 3658 1545 3696 vero
1559 3640 1661 3697 credas
1673 3637 1748 3695 male

971 3725 1019 3785 bic
1039 3726 1215 3786 Cameadem
1239 3745 1294 3804 pro
1315 3724 1483 3804 Chrysippo
1503 3724 1617 3794 induci,
1635 3724 1746 3802 quippe
1834 3741 1839 3748 ’

971 3832 1058 3892 quem
1065 3814 1196 3873 Platonis
1208 3811 1407 3872 etAristotelis
1415 3811 1452 3869 de
1460 3810 1576 3888 justitia
1583 3810 1745 3869 doctrinam

972 3906 1159 3982 impugnasse
1173 3901 1297 3960 affirmet
1309 3899 1482 3958 Plutarchus
1492 3897 1541 3979 (ci.
1556 3898 1634 3958 infra
1645 3898 1746 3976 fragm.

976 3990 1023 4070 ii),
1039 3989 1194 4049 tenendum
1209 4002 1255 4048 est
1267 3986 1450 4047 Lamantiurn
1466 3985 1504 4046 de
1522 3985 1614 4044 altera
1628 3986 1744 4045 illarum

975 4079 1192 4139 notissimarum
1205 4074 1434 4156 disputationum
1447 4073 1548 4153 loqui,
1569 4094 1673 4152 quam,
1696 4076 1749 4134 im·

974 4166 1119 4247 probante
1133 4166 1254 4237 Catone,
1268 4163 1367 4222 llomae
1380 4160 1523 4221 babuerat
1536 4160 1705 4222 Carneades.

1015 4254 1058 4312 De
1074 4254 1180 4314 horum
1196 4251 1340 4311 librorum
1356 4262 1537 4327 argumento,
1551 4251 1687 4330 proxime
1711 4253 1747 4310 ad

974 4341 1141 4401 Platonicos
1163 4339 1257 4400 libros
1281 4339 1317 4398 de
1343 4336 1505 4419 Republica
1524 4337 1686 4411 accedenti,
1711 4339 1749 4399 de

974 4428 1100 4508 quibus,
1127 4441 1198 4488 teste
1223 4428 1331 4486 Proclo
1367 4426 1399 4485 in
1424 4424 1540 4485 Platon.
1571 4425 1740 4506 llempnbl„

972 4537 1004 4592 p.
1022 4517 1080 4592 349
1091 4535 1137 4595 sq.
1151 4513 1347 4586 Basil.,multi
1361 4512 1401 4571 ita
1414 4524 1584 4590 statuerant,
1596 4512 1664 4570 illos
1674 4531 1748 4589 prae-

974 4606 1059 4683 cipue
1073 4605 1105 4662 in
1119 4603 1281 4682 quaestione
1294 4602 1330 4661 dc
1344 4600 1459 4679 justitia
1477 4600 1603 4672 versari,
1621 4601 1658 4658 ci.
1678 4600 1747 4657 ller-

975 4712 1059 4772 nays,
1072 4693 1093 4753 l.
1109 4693 1130 4754 l.
1143 4714 1174 4772 p.
1187 4692 1224 4761 48
1234 4711 1298 4770 sqq.
