3959 5900
726 536 910 599 CARMINA.
934 536 1075 599 cuum.

155 676 202 738 (il.
232 675 747 756 Joanu.Philopou.inPorph51-.
779 697 811 757 p.
839 697 892 752 ει,

121 764 158 826 Β.
173 783 223 842 εμ,
247 762 341 823 David
361 783 394 843 p.
410 783 460 837 ao,
474 764 510 838 B,
523 784 558 823 aa
576 764 643 842 (ubi
664 777 760 825 tamen
788 764 896 842 legitur

116 850 224 932 βωμόν)
242 869 251 912 t
265 849 314 918 Ὦς
325 850 401 923 δηλοῖ
413 851 450 919 είς
468 851 513 909 τδν
525 850 608 932 τιίφον
621 847 765 920 [Ιλᾶτιονος
777 847 894 931 Ἀρεστο·

114 938 206 1006 τίλονς
220 936 388 1020 ίπίγραμμα·

155 1074 243 1149 Σηκδν
255 1074 432 1156 Ἀριστοτέλης
442 1073 568 1156 ἱδρύσατο
582 1076 658 1137 τὀνδε
671 1073 815 1144 Πλάτωνος

195 1163 289 1242 ἀνδρὸς
301 1160 330 1220 δν
343 1162 399 1220 οὔδ’
414 1162 495 1221 αίνεῖν
512 1169 581 1221 τοῖσι
592 1162 698 1221 κακοῖσι
710 1160 793 1238 θίμες.

153 1280 211 1336 Ριο
229 1275 363 1355 ἱδρύσατο,
378 1275 488 1358 ἱδρόσαο
505 1277 584 1355 conj.
606 1277 758 1355 Bergkius.
785 1280 894 1337 Aristo·

113 1356 186 1415 teles
209 1355 305 1434 ipsum
316 1355 476 1415 Eudemum
498 1357 671 1434 alloquitur,
692 1357 744 1436 qui
757 1358 812 1416 boc
830 1356 896 1449 Pla·

96 1488 99 1495 -
114 1443 194 1504 tonis
209 1457 430 1503 mouumentum
445 1443 624 1506 condiderit.

447 1585 466 1643 s
488 1583 579 1663 (sss).

154 1747 278 1823 Diogen.
297 1751 393 1806 Laert.
419 1747 455 1821 V,
471 1750 515 1807 6:
540 1748 576 1810 ‘0
594 1748 619 1808 δ’
638 1740 684 1810 α’όν
706 1749 891 1832 Ἀριστοτέ-

112 1838 207 1906 λης...
226 1833 368 1907 ὑπεξῆλθεν
393 1837 430 1904 εἱς
443 1834 578 1913 Χαλκίδα,
600 1838 796 1919 Εὐρυμέδοντος
813 1839 891 1899 αι’ντδν

111 1928 159 1982 τοῦ
173 1923 325 2003 ἱεροφάντου
339 1922 414 1996 δίκην
429 1924 552 1991 δσεόείας
568 1925 773 2005 γραψαμένουῆ
792 1930 891 2005 Δημο-

115 2003 205 2094 φίλου,
231 2009 266 2078 ὥς
286 2033 352 2092 φησι
368 2010 527 2090 Φαόωρῖνος
543 2013 570 2070 is
591 2015 747 2095 παντοδαπῇ
768 2012 894 2097 Ἱστορίᾳ,

114 2098 260 2178 ἐπειδήπερ
276 2100 320 2158 τὸν
345 2096 425 2175 ἱμνον
446 2099 567 2171 ἐποίησεν
587 2101 624 2169 είς
637 2099 682 2160 τδν
707 2102 895 2184 προειρημένον

112 2185 256 2267 Ἑρμείαν·
280 2183 349 2245 illd
364 2186 410 2245 καὶ
436 2187 594 2269 ἐπίγραμμα
619 2190 663 2250 ίπὶ
685 2190 771 2250 τοῦίν
784 2191 895 2272 Δελφοῖς

112 2275 263 2354 ἀνδριάντος
278 2279 403 2336 τοιοῦτον·

154 2425 239 2485 Τόνδε
248 2424 362 2505 ποεόὗχ
369 2426 447 2493 όσίως
455 2425 581 2506 παραθδις
591 2426 719 2507 μακάρων
726 2426 801 2504 θέμιν
812 2427 895 2508 ἁγνήν

193 2513 305 2573 ίειτεινεν
318 2516 430 2594 Περσῶν
445 2513 590 2597 τοξοφόρων
604 2515 737 2595 βασιλεύς,

154 2604 184 2662 uti
197 2607 315 2683 φανερῶς
325 2602 412 2681 λόγχη
429 2603 565 2684 parisitis
579 2605 665 2683 ἀγῶσι
680 2604 832 2685 κρατήσας,

193 2692 254 2751 ἀλλ’
265 2690 359 2773 ἀνδρὸς
372 2691 461 2750 πίστει
474 2682 644 2772 χρησόμενος
658 2692 758 2755 δολίου.

108 2883 156 2943 Cf.
166 2881 288 2944 Diodor.
298 2880 375 2956 xvi,
387 2881 437 2952 52,
447 2879 554 2939 Strabo
561 2880 641 2956 xiil,
652 2903 682 2962 p.
694 2884 762 2957 διο,
770 2882 890 2956 Βετοὶιίι,

109 2977 247 3033 Hermt'as
271 2993 328 3030 voa
348 2977 496 3040 Atarneus,
522 2970 600 3031 Berl.
620 2972 708 3033 1853.
730 2972 773 3030 De
787 2992 893 3031 monu-

109 3073 211 3121 mento
225 3059 262 3119 ab
277 3058 434 3119 Aristotele
458 3059 585 3117 ilermiae
601 3073 700 3120 erecto
715 3064 895 3140 epigramma

107 3165 205 3213 exstat
229 3149 381 3209 Theocriti
405 3147 472 3207 Chii
500 3147 582 3227 apud
613 3146 774 3224 Diogenem
805 3153 895 3209 Laer-

108 3243 186 3301 tium
201 3239 236 3311 V,
253 3256 299 3299 ει.

108 3392 172 3463 xi.
222 3372 487 3462 madritum
516 3391 714 3462 mesura
755 3391 889 3461 sums

153 3575 290 3654 collectis
302 3588 489 3653 quotcunque
500 3576 536 3633 ad
545 3576 711 3654 deperditos
726 3579 893 3639 Aristotelis
918 3536 924 3634 l

111 3665 208 3726 libros
234 3661 337 3721 referti
358 3676 480 3741 possunt
504 3663 693 3739 fragmentis,
721 3664 893 3726 devenimus

1659 418 1665 457 ι

1665 547 1726 608 335

949 682 1108 740 exstarent,
1115 683 1223 729 mutata
1232 672 1372 750 paulatim
1380 673 1484 747 forma,
1495 695 1512 733 a
1523 677 1729 754 gnomologio-

950 777 1016 815 rum
1043 757 1234 830 auctoribus,
1263 759 1536 839 apophthegmntum
1555 768 1672 824 nomine
1696 767 1727 825 in

950 865 1021 905 suos
1038 866 1106 906 usus
1132 866 1274 906 conversa
1287 860 1317 907 et
1335 847 1448 907 detorta
1460 851 1529 911 sint.
1541 851 1676 913 Ceterum
1692 854 1729 913 de

950 934 1032 995 hisee
1048 933 1187 995 omnibus
1207 937 1307 995 valent
1319 956 1385 1014 quae
1396 938 1546 1016 aptissime
1566 939 1644 1001 dieta
1662 956 1730 1001 sunt

950 1022 987 1081 de
1001 1023 1133 1099 Diogene
1153 1023 1231 1103 apud
1245 1024 1370 1083 Dionem
1386 1024 1628 1103 chrysostomum
1646 1030 1727 1092 Orat.

952 1108 1073 1184 Lxxll,
1089 1132 1136 1183 ιι,
1151 1132 1182 1189 p.
1201 1112 1257 1185 73²
1272 1110 1387 1190 Emper.
1402 1132 1409 1170 :
1425 1114 1654 1191 Πυνθανόμενοι...
1669 1118 1730 1196 περὶ
1833 1108 1837 1119 ’

953 1196 1144 1277 Δεογίνουςόεε
1163 1200 1210 1260 καὶ
1223 1198 1301 1267 αὐτὸς
1317 1201 1383 1278 πρὸς
1403 1200 1508 1261 ἅπαντα
1528 1203 1632 1283 εὐπόρει
1652 1203 1729 1283 λόγου

952 1287 1000 1346 καὶ
1020 1287 1196 1369 ἀποκρίσεως.
1217 1285 1262 1349 Τόι
1277 1290 1326 1366 μίν
1344 1311 1375 1367 γε
1397 1288 1489 1350 τούτου
1513 1290 1560 1351 καὶ
1582 1294 1730 1370 διαμνημο·

951 1373 1068 1434 ναίουσιν
1086 1378 1111 1436 οἱ
1126 1377 1232 1454 πολλοί,
1244 1375 1279 1437 τδι
1293 1377 1340 1454 μίν
1354 1398 1414 1437 τινα
1427 1377 1490 1448 ἴσως
1503 1380 1619 1450 εἰπόντος
1639 1382 1729 1460 αὐτοῦ,

950 1460 984 1521 si
1010 1462 1038 1520 δὶ
1063 1463 1109 1522 sul
1127 1462 1214 1525 titos
1233 1465 1389 1530 ουνθίντοιν.
1410 1467 1497 1528 Tales
1520 1470 1729 1529 sententiarum

950 1551 1151 1625 collectiones,
1180 1554 1274 1632 ipsius
1301 1556 1467 1615 Aristotelis
1491 1577 1597 1619 nomen
1622 1579 1683 1638 pras
1701 1578 1731 1618 se

950 1637 1085 1710 ferentes,
1093 1641 1240 1701 exstitisse
1249 1644 1475 1722 ostenduntque
1482 1646 1591 1725 saepiua
1600 1648 1631 1707 in
1643 1647 1731 1707 Joan·

949 1726 998 1786 nis
1021 1727 1125 1788 Stoboi
1150 1728 1307 1807 florilegio
1334 1734 1541 1807 nominantur,
1560 1733 1730 1815 philosophi
1805 1770 1811 1782 ·

949 1816 1046 1916 Chrioe
1062 1830 1149 1895 atque
1162 1820 1323 1879 Distriboea
1336 1820 1445 1898 quibus
1455 1821 1543 1881 nobis
1557 1822 1729 1882 ordiendum

950 1915 1016 1963 ent.
1212 1947 1216 1955 ι

1244 2074 1269 2133 1.
1293 2074 1436 2135 sustu.
1483 2048 1486 2055 ⁴

992 2255 1036 2313 lle
1055 2254 1164 2336 Χρείαις
1187 2270 1318 2317 veterum
1336 2256 1368 2319 F.
1399 2257 1550 2318 llitsehelii
1573 2258 1675 2334 uerba,
1699 2260 1731 2320 in

953 2346 1054 2401 Indice
1065 2345 1162 2405 Schod.
1187 2349 1272 2406 Uniu.
1283 2351 1377 2426 Bona.
1397 2347 1486 2424 1839,
1499 2347 1537 2407 cf.
1560 2346 1625 2425 ejus
1640 2351 1732 2425 Opus·

951 2434 1008 2492 cul.
1025 2432 1105 2509 Lips.
1123 2433 1208 2507 1⁸67,
1224 2446 1244 2495 t.
1261 2437 1290 2506 1,
1301 2455 1332 2514 p.
1346 2434 1415 2510 579,
1436 2435 1477 2492 ita
1487 2436 1664 2515 disputantis
1677 2457 1730 2516 ap·

951 2539 1064 2600 ponere
1077 2520 1126 2580 hie
1139 2520 1226 2581 liceat
1246 2544 1255 2580 s
1277 2551 1289 2575 a
1310 2523 1395 2594 Quod
1416 2523 1534 2600 quidem
1552 2544 1658 2584 nomen
1672 2546 1731 2602 quo

952 2609 1055 2678 valeat
1068 2612 1219 2669 commode
1231 2611 1403 2686 intelligitur
1412 2631 1450 2670 ex
1461 2612 1651 2689 Hermogenis
1660 2613 1731 2673 Pro·

950 2715 1053 2773 gymn.
1069 2718 1096 2758 e.
1123 2699 1153 2770 3,
1167 2719 1199 2777 p.
1216 2699 1250 2758 13
1271 2699 1317 2762 ed.
1334 2700 1426 2761 Walz.
1444 2724 1451 2758 :
1469 2702 1553 2780 Χρεία
1579 2703 1644 2766 ἐστίν
1665 2706 1731 2762 ἀπο-

949 2784 1124 2862 μνημόνευμα
1138 2790 1227 2863 λόγου·
1237 2787 1337 2859 esriel
1357 2790 1474 2866 πρόξενος
1493 2790 1510 2860 ἢ
1533 2792 1729 2872 συναμφοτέρου

948 2872 1079 2949 σύντομον
1099 2871 1160 2953 ίχον
1176 2874 1302 2947 δήλωσιν,
1326 2876 1437 2955 quibus
1457 2880 1638 2937 conveniunt
1651 2880 1730 2961 Aph-

949 2960 1045 3020 tbouii
1060 2964 1220 3041 Progymn.
1234 2985 1261 3022 c.
1285 2966 1314 3041 3,
1328 2985 1360 3043 p.
1378 2967 1415 3023 62
1436 2964 1528 3027 walt.
1544 2967 1606 3026 lraec
1621 2990 1629 3027 ε
1645 2970 1729 3049 Χρεία

950 3051 1180 3127 ἀπομνημόνευμα
1199 3049 1326 3128 σύντομον
1341 3051 1473 3133 εθστόχως
1489 3053 1535 3113 ίπί
1548 3077 1573 3113 τε
1592 3054 1736 3137 πρόσωπον·
1821 3109 1826 3118 .

950 3134 1128 3217 ἀναρίρουαα,
1155 3140 1283 3218 itemque
1301 3139 1431 3201 Theonis
1447 3141 1540 3201 verba
1566 3142 1728 3223 Progymn.

950 3245 977 3286 c.
996 3225 1024 3297 5,
1039 3245 1070 3305 p.
1091 3226 1251 3289 201Wala.
1269 3250 1276 3285 ι
1293 3227 1428 3303 Σόντομος
1453 3228 1585 3311 όπόρασις
1604 3229 1729 3311 leptis,

951 3316 1132 3397 ἀναφερομένη
1148 3314 1207 3392 μετ’
1228 3316 1365 3397 εὐστοχίας
1380 3317 1416 3383 εἷς
1427 3341 1453 3376 τι
1470 3319 1615 3396 ὡρισμένον
1626 3320 1729 3399 πρόσω·

949 3424 998 3461 πον
1018 3398 1036 3474 i,
1062 3405 1205 3481 ἀναλογοῦν
1221 3404 1365 3484 προσώπῳ.
1381 3405 1443 3464 Nisi
1457 3407 1536 3483 quod
1551 3426 1639 3483 quant
1663 3408 1728 3465 rhe-

949 3494 1048 3549 rorice
1063 3493 1196 3568 magistri
1211 3493 1289 3551 iuter
1303 3493 1396 3571 χρείαν
1415 3505 1444 3550 et
1466 3493 1624 3572 ἀπόφθεγμα
1638 3493 1729 3553 inter·

948 3578 1051 3636 cedere
1071 3578 1269 3638 diversitatem
1289 3591 1431 3656 statuunt,
1448 3597 1482 3637 ea
1497 3581 1616 3657 quidem
1637 3582 1728 3642 solius

948 3666 1020 3723 artis
1035 3677 1145 3723 estnec
1160 3666 1191 3725 in
1205 3665 1266 3724 hos.
1281 3678 1377 3744 potest
1392 3666 1552 3745 scriptores
1566 3688 1726 3728 accommo-

109 3754 174 3833 jam
198 3749 234 3809 ad
251 3769 285 3809 ea
308 3770 374 3829 quae
396 3770 414 3809 a
437 3749 528 3809 variis
549 3749 745 3830 scriptoribus
765 3752 893 3811 ailemn‘
947 3752 1028 3828 dari,
1045 3752 1097 3831 qui
1117 3753 1198 3811 nullo
1220 3753 1384 3829 argumenti
1406 3753 1574 3814 discrimine
1589 3756 1635 3816 rel
1655 3759 1725 3816 δπο·

112 3861 175 3919 tur,
186 3844 291 3904 breves
316 3844 454 3923 quasdam
478 3845 634 3905 sententias
666 3846 844 3906 continentia
866 3863 895 3908 et
943 3841 1083 3920 φθέγματα
1096 3841 1142 3900 vel
1157 3839 1248 3922 χρείαε
1261 3856 1495 3920 composuerunt
1511 3846 1553 3903 Αο
1574 3844 1728 3905 nobilissi-

112 3935 289 4015 plerumque
307 3929 348 3991 ita
369 3932 494 4011 prolata,
516 3945 548 3992 ut
561 3953 597 3992 ex
612 3933 706 4014 ipsius
724 3933 893 4014 philosophi
947 3947 1027 3986 mum
1042 3928 1074 3986 iu
1088 3927 1144 3988 hoc
1155 3949 1261 4005 genere
1274 3932 1441 4010 exemplum
1452 3934 1545 3992 movit
1554 3948 1583 3993 et
1593 3935 1728 3993 tractavit

113 4042 167 4083 ore
180 4031 301 4099 excepta
322 4038 386 4079 esse
398 4019 570 4104 ‘sidenorum
582 4020 624 4080 Ne
643 4023 716 4101 quid
736 4024 783 4083 vel
804 4022 893 4102 hujus
950 4015 1114 4091 Athenaeus,
1131 4017 1265 4078 iambicis
1282 4019 1420 4079 versibus
1439 4023 1619 4102 conscriptas
1630 4021 1727 4104 Χρείας

113 4109 231 4187 generis
244 4108 436 4171 omittendum
451 4128 513 4169 esse
532 4111 714 4188 duxerimus,
735 4111 785 4171 illa
807 4111 893 4173 nubis
946 4104 1097 4166 Mathonis
1112 4107 1217 4168 comici
1232 4121 1331 4188 poelae·
1346 4107 1443 4170 Seeuti
1464 4125 1532 4170 sunt
1553 4112 1724 4192 philosophi

112 4198 262 4277 praecipue
286 4215 374 4256 eausa
394 4196 459 4269 fuit,
476 4197 567 4276 quod,
593 4198 663 4258 licet
680 4200 712 4258 in
730 4200 778 4259 his
800 4201 892 4261 multa
947 4193 1115 4256 Aristoteles
1145 4208 1175 4255 et
1211 4197 1393 4277 Aristippus,
1421 4220 1546 4278 quorum
1569 4199 1659 4279 hujus
1694 4204 1724 4262 in

113 4286 298 4365 reperiantur
318 4284 382 4344 sive
393 4285 504 4345 nullius
521 4286 581 4347 iere
603 4288 756 4364 momenti,
768 4290 832 4349 sive
846 4289 893 4349 in·
947 4284 1066 4363 seriptis
1079 4286 1166 4344 etism
1183 4286 1281 4364 Χρείας
1292 4287 1438 4365 Diogenes
1458 4289 1500 4364 Π,
1517 4291 1554 4349 35
1570 4291 1669 4365 refert,
1686 4313 1723 4352 θ’(

113 4372 250 4448 cesta,ob
264 4373 442 4450 frequentem
455 4375 486 4433 in
496 4376 698 4437 adscribendis
706 4376 892 4438 lemmatibus
947 4374 1028 4432 illius
1042 4388 1136 4434 antem
1157 4375 1265 4455 Χρείαις
1282 4376 1417 4449 Gelonis,
1438 4379 1617 4453 Anaxarchi,
1640 4381 1720 4441 Gor-

113 4479 258 4535 errorem,
274 4483 363 4540 quum
379 4482 580 4542 sepenumero
593 4466 670 4524 idem
690 4464 799 4525 dictum
813 4465 890 4526 haud
946 4481 1012 4539 μοι,
1027 4461 1104 4536 Lasi,
1125 4463 1340 4540 Demosthenis,
1366 4465 1504 4541 Zenonis,
1524 4469 1723 4546 Anacreontis,

113 4550 168 4608 uni
183 4549 342 4624 tribuatur,
367 4552 499 4629 quedam
518 4566 614 4612 tamen
634 4555 729 4614 inesse
755 4569 888 4635 possunt,
946 4551 1088 4623 Alexidis,
1110 4551 1228 4629 Gorgiae
1242 4554 1484 4634 apophthegmata
1498 4556 1630 4619 Stobaens
1655 4581 1723 4640 pro.

114 4649 288 4711 quae,quum
300 4635 427 4709 primum
439 4632 774 4712 indristotelisquodam
782 4637 892 4715 scripto
948 4639 1026 4700 tulit.
1039 4665 1052 4691 ν
1068 4640 1237 4718 Sequuntur
1249 4642 1356 4702 deinde
1383 4644 1507 4702 aliorum
1533 4648 1652 4707 nomina
1671 4650 1722 4727 qui

175 4798 298 4861 quomodo
311 4798 421 4849 boumet
432 4798 487 4850 felia
497 4799 572 4850 simul
584 4801 627 4850 fiat
636 4800 685 4852 νἰι.
943 4808 969 4854 et
983 4805 1105 4869 ejusmodi
1116 4811 1236 4872 praterea
1250 4808 1401 4873 epigraraina
1414 4813 1503 4862 statua
1518 4813 1619 4878 Delphis
1635 4816 1722 4881 positas

175 4894 239 4931 uuae
253 4885 336 4934 autem
348 4883 444 4935 nullum
453 4885 555 4936 eaodem
568 4885 671 4951 adipisci
686 4886 788 4950 gloriam
800 4888 867 4941 lieet.
942 4887 1018 4939 incidi
1032 4890 1175 4941 sumserit:

488 4985 513 5030 ο.
1051 4977 1185 5051 ΗοιιαοΙΙιιι
1198 5005 1335 5063 vlolanstus
1344 5010 1449 5055 εαιισεοιιι
1463 5010 1560 5059 deorum

146 5065 288 5120 Aristoteles
298 5073 362 5123 elam
376 5074 520 5126 Οθεὶεἰιίειιι
539 5074 669 5136 manauit,
685 5075 753 5139 quod
763 5074 795 5127 ab
807 5078 889 5140 Eury·
1050 5081 1136 5130 oeetdtt
1149 5095 1191 5131 εει
1199 5086 1323 5133 semrom
1339 5089 1520 5146 sagitttteromm

115 5152 231 5206 ιειοθοιιίε
245 5156 406 5225 hierophanta
414 5163 546 5229 impietatis
557 5167 689 5215 accusatus
703 5168 777 5226 esset,
792 5165 853 5228 sire,
861 5167 891 5214 ut
1052 5165 1189 5218 mutat-'1¹⁶
1201 5161 1318 5211 delicium
1328 5166 1634 5227 hastatnemmttsprsllts

116 5241 253 5294 strumus
266 5245 301 5296 ait
319 5245 345 5297 ln
360 5250 494 5315 omnigena
509 5251 652 5314 Historias
665 5252 817 5318 Demophilo,
832 5251 891 5317 quia
1052 5241 1093 5287 Μ
1103 5254 1160 5289 “⁸¹¹¹
1170 5242 1216 5291 ΜΘ
1224 5244 1329 5293 ¹⁰⁸¹⁶¹0⁸¹
1341 5246 1452 5295 'minh-

116 5332 237 5396 hymnum
250 5331 275 5383 ia
290 5347 346 5385 eum
357 5349 431 5401 quem
440 5339 601 5403 prediximus
610 5341 734 5391 Hermian
754 5341 889 5407 tempserit,
