3959 5900
695 566 698 575 ,
795 499 1059 562 reascensis.

239 632 274 691 ι3
295 658 335 683 --
443 629 534 687 Cassii
553 628 744 705 Problemata,
773 632 810 696 (6

770 724 807 789 hi

240 915 273 968 ¹7
295 917 333 950 ·.·
354 874 473 954 Aristot.
489 892 587 953 Probi.
611 894 689 953 ined.
710 893 751 965 ll,
776 815 827 952 13

239 983 334 1145 iit
453 1068 747 1142 enuntiet-obteniat,
772 983 809 1128 33

232 1176 270 1301 ii
290 1197 332 1296 ...τ
356 1244 474 1304 Aristot.
488 1182 589 1301 Prohi.
617 1244 694 1303 ined.
709 1243 747 1314 ΙΙ,
771 1164 809 1302 ii

233 1353 269 1389 ou
290 1355 329 1386 =
449 1330 542 1390 Cassii
555 1329 746 1400 Problemata,
772 1332 808 1390 52

235 1421 271 1477 23
292 1446 332 1471 =
354 1420 471 1479 Aristot.
488 1418 588 1478 Probi.
604 1420 683 1481 ined.
704 1419 751 1493 ll,
775 1441 809 1496 ¹9

551 1621 563 1646 .
772 1529 810 1663 ii

447 1682 540 1742 Cassii
549 1681 744 1754 Problemata,
769 1683 807 1739 56

233 1770 269 1827 3ο
288 1795 329 1822 -..-.·
349 1769 471 1829 Aristot.
482 1770 583 1831 Probi.
609 1770 689 1831 ined.
699 1769 740 1840 11,
764 1791 798 1828 σι

234 1860 268 1915 3ι
292 1885 330 1908 =
353 1856 749 1937 Alexandrihphr.Probl.l‚
771 1879 809 1935 99

237 1945 272 2011 34
295 1972 334 1995 =
358 1947 477 2003 hristot.
492 1945 593 2005 Probi.
617 1944 694 2003 ined.
708 1944 748 2019 11,
772 1965 808 2003 aa
880 1942 888 1957 '

771 2037 809 2199 :t

772 2211 809 2268 3ο

772 2297 806 2353 31

772 2385 808 2440 32

170 2517 351 2587 Quaestiones
372 2534 443 2575 vero
463 2536 528 2594 qua
549 2521 749 2576 tantummodo
765 2520 796 2578 in
816 2520 907 2580 lenna

128 2605 182 2662 itta
205 2603 341 2662 versione
353 2615 522 2673 occurrunt,
541 2603 670 2677 integras
686 2604 905 2682 adscripsimus,

128 2711 192 2748 non
204 2689 282 2766 quod
297 2709 430 2765 magnum
454 2709 489 2747 ex
507 2689 544 2748 iis
559 2691 671 2767 percipi
684 2709 768 2767 posse
783 2691 905 2751 hactum

128 2778 312 2855 (tentavimus,
325 2776 374 2835 sed
385 2795 421 2833 ne
435 2774 505 2851 quid
517 2779 635 2832 omnino
649 2776 840 2837 desideretur.
854 2780 907 2838 De·

127 2864 362 2933 dimicantem,
385 2862 501 2938 quales,
528 2861 616 2919 ttosio
641 2874 729 2935 teste,
748 2865 777 2923 in
806 2866 907 2926 codice

129 2948 340 3026 Bambergensi
364 2949 510 3026 legentum
534 2949 730 3010 Bruxeliensis
744 2953 784 3029 (Β)
808 2967 837 3012 et
856 2955 907 3013 Be·

128 3039 292 3098 rotinensis
306 3038 358 3117 (C)
376 3039 513 3097 verietate
524 3037 690 3117 adscripta,
708 3042 846 3118 neglectis
862 3056 906 3100 tn-

136 3145 203 3186 men
228 3125 437 3186 minutioribus
456 3125 629 3202 quibusdam
646 3126 902 3206 orthographicis:

176 3234 208 3269 ιο
221 3212 315 3290 (deest
330 3214 360 3272 in
370 3212 420 3290 C).
445 3217 538 3286 Quare
549 3223 654 3272 senecis
668 3217 759 3291 (senes
775 3216 817 3296 Β)
824 3217 905 3290 saci-

129 3306 187 3355 lius
195 3308 334 3371 jejunium
350 3301 461 3373 serunt.
478 3306 560 3378 Resp.
583 3310 650 3377 quia
663 3309 766 3359 senecis
779 3305 906 3378 (renibus

127 3388 169 3457 B)
198 3391 377 3445 dominantur
398 3387 406 3466 (
413 3391 575 3444 dominatur
600 3387 636 3465 Β)
652 3391 764 3461 flegma
788 3406 815 3446 et
842 3399 904 3468 ipsa

127 3474 238 3544 flegma
260 3473 305 3547 (el.
316 3477 427 3550 flegma
441 3496 494 3548 quo
516 3496 609 3531 eorum
623 3484 761 3551 appetitus
775 3478 811 3554 Β)
838 3495 905 3535 tem·

125 3572 251 3633 peratur.
273 3558 394 3636 Ideo(et
405 3563 467 3616 ideo
487 3561 526 3636 Β)
531 3561 652 3630 facilius
667 3571 806 3636 jejunium
822 3566 859 3642 (j.
870 3565 903 3638 f.

130 3645 168 3721 Β)
178 3643 289 3715 ferunt.
301 3644 346 3705 (Β.
368 3645 456 3704 hrist.
469 3646 570 3708 Probi.
586 3649 653 3706 ined
683 3648 737 3720 ΙΙΙ,
752 3652 800 3727 50,
813 3666 833 3711 t.
855 3653 892 3712 lv

129 3752 161 3808 p.
181 3731 248 3800 332,
268 3731 313 3790 16.

178 3820 223 3876 16.
253 3820 347 3890 Quare
368 3827 538 3894 superposita
569 3829 598 3876 in
627 3838 756 3882 ventrem
788 3833 904 3902 epitima

895 3698 904 3728 l

133 3905 283 3983 (epithima
301 3912 472 3981 mperparita
492 3914 584 3964 ventri
599 3908 621 3965 Β
656 3919 798 3987 supposita
811 3925 905 3974 ventri

128 3995 267 4070 epithima
290 3993 330 4070 C(
358 3997 537 4067 digestionem
556 3995 639 4068 facit
667 4002 795 4057 cilonem.
819 4007 902 4080 llesp.

130 4089 198 4158 quin
215 4085 337 4138 calorem
355 4085 480 4157 amplius
496 4097 605 4158 prestat
621 4106 705 4170 quam
725 4086 823 4167 (quern
843 4088 904 4164 BC(

130 4172 281 4226 admodum
295 4185 323 4226 et
339 4174 382 4243 (et
397 4189 459 4227 oin.
476 4170 513 4248 Β)
537 4176 713 4247 cataplasma
733 4174 904 4247 calefacien·
946 4230 952 4244 ,

129 4260 197 4313 dum
212 4256 425 4332 (calefaciendo
443 4257 481 4334 C)
496 4273 623 4316 ventrem
640 4263 760 4319 ciborum
774 4265 903 4337 digestio·

130 4365 194 4400 nem
207 4341 288 4415 facit
302 4346 378 4421 (dig.
391 4347 470 4416 jacit
489 4348 611 4403 ciborum
627 4348 658 4407 (2.
675 4347 817 4420 calefacto
835 4371 903 4409 uero

129 4443 229 4488 ventre
237 4432 297 4505 dig.
305 4433 345 4508 fit
358 4434 478 4488 ciborum
493 4431 542 4510 B).

172 4526 210 4585 oh
223 4516 321 4590 (deest
335 4519 366 4576 in
381 4516 404 4575 Β
424 4530 453 4577 et
469 4519 519 4596 C).
543 4523 636 4593 Quare
651 4531 680 4578 in
696 4530 799 4598 tiptcas
810 4523 904 4589 febres

132 4609 291 4678 dejactatur
301 4626 407 4683 reeger.
424 4611 506 4683 liesp.
521 4616 587 4685 quia
597 4630 635 4666 ea
653 4626 840 4686 congregatur
853 4615 904 4671 hu·

133 4692 289 4765 morisseris
298 4697 391 4751 calore
398 4709 529 4771 rumpunt
540 4705 698 4755 intrinsecus
708 4720 793 4756 causa
807 4704 904 4758 moles·

133 4794 235 4841 tantur.

358 4954 673 5032 ettossnenttt.
873 5001 875 5006 ·

335 5091 544 5141 Pnoutettm
556 5094 699 5143 Pttttstcs.

508 5211 530 5256 1.

165 5297 196 5345 tt
209 5307 268 5346 tero
287 5310 366 5361 neque
384 5299 410 5349 td
422 5299 471 5351 dici
483 5305 565 5364 potest
585 5302 686 5354 iutmsse
698 5303 812 5366 antiquos
825 5307 902 5355 ustro-
926 5344 931 5358 .

1676 501 1734 566 tet

1003 631 1051 689 26.
1066 633 1161 703 Quare
1181 633 1294 706 lrraupis
1318 633 1421 687 dicitur
1441 628 1545 710 (quare
1567 638 1596 686 in
1620 635 1736 690 luauriis

964 722 1148 776 debilitantur
1159 724 1218 775 uiri
1235 716 1269 775 C.
1287 738 1375 791 quare
1390 721 1515 774 mulieris
1537 726 1630 791 magis
1650 740 1733 795 quarn

961 810 1017 861 uiri
1031 807 1205 861 luxuriantur
1219 805 1268 878 Β).
1284 808 1368 879 lierp.
1382 812 1448 880 quia
1458 812 1535 861 veris
1550 805 1633 884 (viris
1643 805 1667 863 B
1679 816 1734 865 uiri

963 890 995 967 C)
1008 894 1153 948 subitanea
1167 898 1343 948 evacuatione
1364 890 1437 967 (suh.
1446 890 1533 963 facta
1546 902 1687 953 evacuatio
1703 897 1734 958 Β.

961 978 1022 1038 suh.
1030 979 1117 1052 facta
1128 986 1304 1036 evacuatione
1319 976 1360 1056 C)
1374 981 1554 1036 debilitantur
1554 982 1677 1051 Joemine
1689 1004 1735 1039 au·

965 1079 1020 1123 tem
1031 1069 1157 1123 additum
1172 1065 1298 1141 (leminis
1309 1087 1377 1124 vero
1389 1071 1504 1123 additur
1511 1081 1540 1125 et
1555 1068 1595 1144 C)
1611 1072 1673 1128 ideo
1685 1092 1734 1127 nu·

963 1160 1081 1209 triuntur
1088 1155 1263 1227 (debilitatur
1279 1157 1440 1211 ntulierihus
1451 1169 1543 1211 autern
1557 1158 1673 1212 additur
1684 1156 1735 1233 Β).

1004 1260 1040 1312 27
1057 1239 1154 1318 (deest
1167 1240 1198 1299 in
1213 1239 1263 1317 C).
1280 1244 1374 1314 Quare
1386 1249 1412 1298 si
1424 1245 1466 1315 (si
1481 1261 1538 1300 om.
1557 1241 1593 1321 Β)
1607 1243 1737 1315 iasehri·

963 1327 1013 1385 bus
1028 1348 1142 1404 spasmo
1164 1336 1336 1404 superveniet
1355 1328 1498 1406 (spasmus
1516 1336 1540 1386 si
1555 1340 1736 1405 supervenerit

963 1415 1003 1475 Β)
1018 1418 1136 1472 mortale
1150 1430 1199 1473 est.
1227 1420 1310 1492 llesp.
1331 1424 1398 1492 quia
1422 1420 1575 1475 desiccatus
1595 1420 1676 1493 (-tur
1695 1420 1735 1496 B)

962 1521 1060 1577 corpus
1073 1522 1093 1558 a
1105 1501 1192 1574 sehre
1204 1523 1316 1577 spasmo
1334 1513 1569 1579 supervenientem
1588 1505 1630 1581 (s.
1644 1513 1669 1563 si
1686 1529 1735 1563 su-

960 1594 1115 1662 pervenerit
1136 1609 1264 1665 spasmus
1283 1589 1324 1667 Β)
1339 1592 1514 1648 contrahitur
1534 1592 1582 1667 (et
1601 1592 1668 1651 add.
1692 1595 1733 1669 Β)

962 1677 1024 1731 ideo
1035 1679 1161 1733 mortalis
1174 1677 1183 1752 (
1195 1681 1239 1733 ·le
1255 1676 1295 1753 Β)
1309 1691 1359 1733 est.

1003 1762 1039 1819 32
1059 1762 1152 1843 (deest
1167 1762 1197 1822 in
1211 1762 1234 1821 Β
1253 1776 1282 1822 el
1295 1764 1347 1839 C).
1364 1767 1459 1837 Quare
1474 1774 1502 1821 ia
1517 1770 1613 1823 dolore
1632 1788 1736 1841 magno

961 1870 1024 1905 curn
1058 1852 1276 1924 inflammatione
1296 1851 1385 1924 sacta
1417 1858 1491 1908 ocrrli
1514 1870 1733 1930 corrumpuntur.

963 1940 1045 2012 llesp.
1056 1943 1123 2012 quia
1139 1959 1176 1994 ea:
1188 1942 1407 2013 inflammatione
1420 1941 1544 1996 humoris
1557 1946 1691 2001 christalo
1705 1949 1738 2000 iel

960 2036 1001 2078 est
1020 2024 1119 2081 humor
1134 2030 1285 2101 expellitur
1294 2040 1323 2082 et
1332 2033 1502 2083 extrinsecus
1514 2031 1565 2085 suh
1577 2034 1734 2087 membran·

962 2117 1030 2167 tium
1043 2118 1131 2168 visum
1140 2127 1247 2173 tenuem
1262 2128 1398 2173 enecetur.
1410 2113 1453 2171 (Β.
1465 2113 1557 2174 Cassii
1568 2115 1668 2177 Probi.
1688 2124 1732 2181 16.

1003 2201 1039 2257 33
1057 2198 1151 2275 (deest
1164 2202 1193 2258 in
1214 2200 1237 2257 B
1250 2213 1278 2259 et
1292 2200 1347 2277 C).
1371 2204 1465 2273 Quare
1479 2208 1605 2261 trertehre
1616 2208 1734 2261 eediens

964 2288 990 2362 (i
1002 2306 1089 2365 supra
1102 2309 1126 2343 e
1142 2288 1260 2363 posito)
1284 2309 1338 2345 non
1352 2292 1489 2346 sudantur
1513 2293 1597 2366 llesp.
1617 2300 1682 2368 quia
1697 2298 1735 2350 le·

962 2380 1065 2431 verticis
1078 2375 1111 2450 (o
1123 2393 1212 2452 supra
1226 2375 1352 2454 primum
1365 2396 1381 2432 e
1395 2376 1507 2455 posito]
1522 2385 1678 2454 precinctus
1690 2395 1733 2438 est

962 2477 1013 2518 ant
1021 2477 1118 2519 extuat
1129 2468 1366 2541 ertinsorloagior
1371 2466 1471 2539 factus
1481 2482 1532 2537 est,
1545 2488 1642 2525 nervus
1652 2476 1737 2547 igitur

961 2562 1056 2623 suptus
1066 2570 1120 2605 non
1134 2554 1317 2627 glutinantur.

1003 2636 1039 2691 35
1055 2635 1149 2713 (deest
1167 2638 1196 2696 in
1212 2637 1265 2716 (i).
1292 2642 1386 2713 Quare
1405 2648 1497 2697 carnis
1517 2641 1526 2720 (
1536 2662 1602 2698 -nes
1616 2641 1651 2722 Β)
1660 2665 1732 2719 por·

962 2729 1026 2779 cina
1052 2727 1112 2800 (ne
1135 2724 1176 2804 Β)
1198 2730 1311 2783 leviores
1332 2742 1395 2783 sunt
1414 2750 1433 2783 a
1450 2749 1536 2803 pane.
1561 2734 1645 2806 liesp.
1667 2740 1734 2807 quia

962 2811 1030 2886 (que
1044 2810 1108 2869 add.
1129 2813 1166 2888 Β)
1188 2820 1341 2870 minturata
1358 2830 1422 2872 sunt
1433 2824 1544 2873 acriora
1557 2832 1622 2874 suat
1640 2833 1735 2877 tenues

959 2912 1052 2956 autem
1071 2914 1171 2957 evenat
1193 2914 1251 2958 tota
1276 2922 1354 2959 vana
1368 2916 1431 2959 sunt
1452 2903 1565 2979 (autem
1580 2925 1656 2963 vaae
1669 2922 1735 2964 sunt

960 2999 1015 3044 tote
1029 2986 1079 3062 Β).

1001 3073 1038 3130 36
1049 3073 1141 3149 (deest
1155 3074 1219 3133 intt
1233 3088 1261 3134 ct
1270 3074 1314 3153 (ἶ).
1330 3079 1423 3149 Quare
1431 3081 1564 3135 sudantes
1577 3087 1606 3135 in
1621 3084 1734 3140 luxonis

959 3163 1101 3238 defidant.
1125 3166 1207 3239 llesp.
1232 3171 1260 3219 in
1280 3167 1424 3239 voluptate
1443 3169 1605 3242 deficientes
1623 3178 1732 3228 semina

958 3249 1143 3319 refunduntur
1152 3263 1181 3306 et
1198 3254 1274 3328 quod
1283 3266 1398 3308 emanat
1410 3257 1548 3310 violenter
1560 3262 1697 3314 emittunt.

1001 3342 1038 3401 42
1055 3334 1151 3415 (deest
1164 3337 1195 3395 in
1210 3337 1259 3417 C).
1283 3340 1378 3411 Quare
1399 3343 1524 3395 lavantes
1536 3347 1564 3395 in
1584 3350 1665 3417 aquis
1679 3366 1731 3398 ea·

959 3423 1027 3476 lidis
1045 3422 1093 3498 (in
1107 3425 1205 3480 calida
1222 3443 1297 3499 aqua
1319 3425 1358 3514 Β)
1381 3432 1506 3501 inprimis
1522 3441 1621 3483 uenter
1638 3449 1730 3486 eorum

958 3512 1092 3569 turbatur.
1116 3515 1148 3567 ll.
1182 3521 1249 3587 quia
1273 3533 1311 3569 ee
1338 3520 1400 3589 ipsa
1431 3518 1585 3588 egritudine
1612 3522 1729 3591 ipsorum

960 3597 1102 3670 (acritudo
1111 3618 1205 3654 eorum
1220 3598 1258 3676 Β)
1271 3603 1391 3658 solvitur.

999 3682 1036 3748 (3
1065 3681 1160 3757 (deest
1192 3683 1223 3741 in
1250 3683 1302 3758 C).
1329 3687 1424 3757 Quare
1453 3693 1481 3741 in
1512 3686 1611 3742 tibicas
1635 3686 1732 3755 febres

960 3767 1061 3842 (quare
1084 3773 1185 3841 tipiear
1200 3767 1297 3844 febres
1320 3771 1455 3827 hahentes
1479 3771 1521 3849 Β)
1544 3779 1669 3847 inprimis
1689 3783 1731 3830 ri-

956 3871 1052 3924 gorem
1077 3861 1233 3928 patiuntur.
1256 3860 1338 3931 desp.
1368 3866 1435 3932 quia
1455 3879 1522 3915 acer
1545 3861 1731 3917 humormor·

956 3942 1025 3995 eleas
1038 3943 1196 4017 (mornordit
1209 3943 1249 4023 Β)
1269 3946 1393 4000 rnemhra
1414 3959 1495 4001 acute
1509 3953 1609 4020 (acute
1620 3967 1679 4004 ont.
1691 3952 1727 4024 Β)

958 4042 988 4083 et
1002 4030 1090 4106 (inde
1101 4029 1168 4089 add.
1185 4031 1224 4108 Β)
1235 4038 1377 4107 paviscent
1394 4033 1605 4110 (expavescente
1616 4034 1651 4109 Β)
1671 4057 1730 4092 νισ-

958 4129 1020 4173 nera
1037 4120 1099 4173 ideo
1119 4117 1198 4196 (ideo
1214 4139 1271 4181 ont.
1289 4119 1375 4196 Bifit
1386 4127 1472 4193 rigor.

1292 4296 1303 4332 ι
1328 4275 1418 4350 (tit).

996 4434 1126 4514 Simplic.
1142 4436 1174 4494 in
1188 4436 1277 4495 Arist.
1294 4436 1330 4495 de
1343 4436 1420 4494 Caeto
1433 4436 1473 4508 ll,
1498 4456 1544 4508 ια,
1555 4457 1585 4515 p.
1603 4438 1673 4509 502,
1691 4437 1725 4506 Β,

959 4534 996 4600 (7
1014 4547 1022 4585 s
1041 4525 1121 4588 'tat
1136 4526 1188 4605 μὴν
1210 4528 1268 4587 οὐδὲ
1286 4532 1322 4595 tn
1344 4528 1459 4599 ἰλσλήθει
1484 4551 1514 4606 γε
1536 4528 1627 4596 αὐτοὺς
1650 4529 1728 4606 (τοὺς

958 4613 1088 4682 παλαιοὺς
1103 4614 1274 4696 ἀστρολόγους
1285 4615 1359 4695 scii.)
1375 4621 1393 4686 i,
1408 4616 1528 4686 ἀνισότης
1546 4619 1598 4675 τῶν
1609 4618 1727 4686 ἀποστη-

959 4700 1050 4778 μάτων
1066 4703 1138 4781 (τῶν
1159 4706 1275 4783 σφαιρῶν
1286 4706 1337 4761 τῶν
1359 4705 1501 4776 πλανητῶν
1521 4703 1597 4781 scil.)
1616 4703 1725 4762 ἑκάστου

957 4787 1021 4867 πρὸς
1036 4788 1140 4866 ἑαυτόν,
1157 4790 1291 4870 ἐνδέχεται
1308 4790 1402 4868 λέγειν.
1421 4788 1594 4870 Πολέμαρχος
1606 4789 1632 4849 δὲ
1645 4795 1659 4850 ὁ
1673 4793 1727 4849 Κυ-

954 4955 1022 5020 iogos
1033 4957 1186 5020 planetarum
1203 4955 1312 5020 spherus
1325 4970 1371 5006 oon
1386 4958 1475 5021 equali
1485 4956 1600 5008 ἀίσῑσηίίσ
1614 4958 1677 5007 inter
1690 4969 1727 5006 se

955 5047 1006 5093 niet
1024 5043 1089 5108 ipses
1107 5044 1201 5095 obesse.
1217 5044 1391 5095 Polemerchus
1406 5044 1469 5094 enirn
1483 5024 1616 5108 cizicenos
1634 5056 1725 5107 apso

955 5144 1026 5182 saeos
1041 5130 1140 5195 summ
1152 5132 1237 5196 ipsam,
1258 5145 1312 5183 eum
1325 5131 1499 5196 pervipendere
1515 5130 1621 5190 ridetur.
1640 5131 1725 5192 utpote

958 5231 1006 5268 non
1022 5218 1176 5282 somniem,
1185 5219 1251 5283 quod
1265 5219 1342 5284 totps
1353 5218 1436 5283 deligit
1446 5219 1511 5268 circe
1524 5216 1604 5280 ipsum
1617 5215 1723 5266 medium

956 5306 981 5356 in
996 5306 1110 5359 adverus
1119 5307 1270 5371 sphaerarum
1281 5305 1390 5372 ipserum
1399 5306 1551 5371 pontionem.
1565 5301 1677 5353 Ostendit
1683 5318 1726 5353 aa·
