3959 5900
878 422 1042 487 DlALOGl.
1720 448 1761 509 39

153 540 200 599 καὶ
215 542 296 616 ducis
310 545 391 624 ἐγειν,
402 545 521 625 καθάπερ
535 545 581 605 καὶ
593 545 626 605 Ἀ
636 548 842 627 ριστοτέλιςς·
851 552 931 629 μόνας

152 629 206 708 γὰρ
224 633 278 689 τῶν
296 631 441 704 sicininum
455 632 555 700 ἐκείνας
565 633 624 715 ἔχει
639 635 686 703 τὰς
698 634 764 718 πρὸς
775 637 806 697 τὸ
819 632 848 699 εὖ
863 629 928 700 εἶναι

153 716 384 796 σνμόαλλογεένας,
400 722 430 779 οὐ
449 720 501 798 μὴν
516 721 562 789 τὰς
575 722 640 801 πρὸς
652 722 682 782 τὸ
697 715 774 785 εἶναι·
788 727 860 785 etit
877 728 927 787 ilt-

152 809 200 867 λαι
227 807 358 878 αἰσθήσεις
383 806 448 889 πρὸς
470 807 500 867 τὸ
522 799 588 868 εἶναι
613 810 821 887 συριὸἄλλονται.
840 815 895 876 Καὶ
915 821 929 876 ὁ

152 893 263 967 ποιητὴς
277 893 304 953 δέ
319 897 448 975 μαρτυρεῖ
460 896 559 963 τούτοις
574 896 657 976 λέγων

216 1041 304 1096 Ἠέλιος
313 1041 338 1096 ὃς
346 1041 414 1089 πάντ’
423 1043 505 1105 ἐφορᾷς
516 1043 556 1090 αεὶ
566 1042 636 1092 πάντ’
646 1042 782 1175 ligamine,

698 1150 705 1163 .
714 1130 740 1176 γ,
748 1113 805 1177 277)

150 1248 185 1310 ds<
199 1243 231 1302 ἂν
245 1241 305 1323 ὄψιν
320 1243 401 1320 μόνην
416 1243 462 1303 καὶ
476 1243 558 1318 ἀκοὴν
572 1246 658 1304 αὐτῶν
673 1245 802 1327 ἐχόντων·
823 1248 869 1306 καὶ
884 1270 924 1306 οτι

148 1325 228 1393 αὗται
243 1330 358 1409 μάλιστα
372 1334 400 1390 ul
423 1331 557 1406 uictrices<
580 1335 607 1392 ἐν
627 1337 666 1414 τῷ
692 1336 804 1415 ἐνεργεῖν
819 1337 922 1413 μᾶλλον

148 1417 319 1498 γινώσκουσιν
332 1418 401 1500 ἤπερ
410 1422 437 1479 ἐν
451 1418 612 1501 τῷπάσχειν
626 1419 671 1478 καὶ
679 1420 831 1502 οἰκειότεροι
846 1412 925 1481 αὗται

148 1509 237 1575 αὐτοῖς
254 1510 290 1575 ὣς
308 1509 500 1576 ἐνσλλοιώτοις.
516 1507 551 1569 Ὁ
562 1508 591 1568 δέ
603 1532 634 1588 γε
648 1507 802 1587 Δαμέσκιος
816 1510 860 1569 καὶ
875 1511 923 1578 τὰς

147 1598 232 1663 ἄλλας
244 1596 377 1668 αἰσθήσεις
393 1597 514 1678 βούλεται
529 1597 597 1657 αὐτὰ
612 1597 694 1677 ἔχειν.

188 1685 307 1744 Homeri
329 1705 436 1759 versu,
451 1700 484 1745 ut
494 1687 555 1765 jum
585 1710 602 1748 τι
624 1685 764 1745 Finekhio
780 1684 923 1746 observu-

147 1788 208 1832 tum
223 1788 282 1845 est,
303 1774 334 1832 in
355 1773 454 1833 eadem
468 1794 500 1832 re
514 1775 607 1834 utitur
624 1774 761 1845 Procius,
775 1772 871 1832 Schol.
892 1776 923 1835 in

145 1861 258 1939 Cratyl.
275 1881 304 1939 p.
323 1868 360 1928 Ιςο
382 1858 429 1918 ed.
447 1859 625 1920 Boissonude
649 1854 737 1919 :⁰0m
752 1857 839 1925 καθὼς
852 1859 923 1938 λίγει

144 1947 268 2029 Ὅμηρος
281 1946 361 2014 οὕτως
385 1946 470 2005 ἐστίν·
484 1974 498 1999 r.
511 1948 598 2021 ἠέλιος
608 1949 667 2007 κτλ.
681 1971 693 1997 ν
717 1943 763 2004 καλ
777 1944 883 2025 ἔχουσιν
896 1951 920 2008 οἱ

145 2037 271 2118 ἐμφανεῖς
298 2035 351 2096 itui
373 2034 418 2095 uui
443 2035 492 2107 τὴν
518 2034 642 2115 ὁρατικὴν
662 2033 783 2105 αἴσθησιν
806 2033 851 2092 καὶ
875 2034 923 2108 τὴν

145 2125 317 2202 insomnis,
326 2125 383 2182 ἀλλ’
394 2125 441 2183 οὐκ
449 2122 553 2196 ἔξωθεν,
566 2138 594 2183 et
604 2125 707 2183 iterum
720 2123 753 2181 in
773 2122 872 2183 Schol.
885 2124 921 2182 ud

146 2213 270 2275 Hesiodi
279 2214 375 2291 Opera
393 2231 422 2268 ν.
441 2215 518 2291 9(p.
539 2213 575 2285 37
589 2211 714 2287 Gnissiz
736 2207 920 2271 tinctitiis:

143 2303 179 2368 ὥς
195 2301 284 2362 πάντα
308 2301 407 2379 ἐφορῶν
424 2298 470 2356 καὶ
484 2298 585 2359 ἀκούων
599 2301 651 2357 τῶν
666 2296 841 2375 γινομένων...
856 2296 920 2378 ὅπερ

143 2390 170 2450 δέ
185 2389 309 2468 Ὄμηρος
328 2388 371 2447 ἐπὶ
391 2392 437 2445 τοῦ
452 2387 527 2459 ἡλίου
542 2387 607 2468 φησὶ
620 2430 629 2460 ,
643 2394 719 2447 τοῦτο
738 2383 861 2452 Ἡσίοδος
876 2386 920 2445 ἐπὶ

142 2483 189 2538 τοῦ
205 2479 266 2545 Διὸς
286 2468 367 2536 εἶπεν·
383 2473 473 2552 ὅμοιον
487 2475 540 2556 γάρ
563 2479 619 2536 ἐστι
632 2477 680 2556 τῷ·
706 2500 719 2527 ι
730 2471 815 2544 ἠέλιος
831 2474 890 2534 κτλ.
905 2499 918 2525 ν

142 2571 207 2628 Τῶν
221 2565 272 2647 γὰρ
287 2564 433 2636 αἰσθήσεων
448 2563 530 2642 μόνην
543 2566 591 2635 τὴν
607 2562 698 2644 ὅρασιν
716 2560 762 2619 καὶ
775 2559 824 2630 uin
838 2560 919 2633 ἀκοὴν

144 2659 179 2723 ὡς
192 2653 368 2735 χαριεστάτοις
382 2652 425 2712 ini
437 2650 495 2718 mli<
511 2648 582 2718 Θεοέις
594 2648 760 2730 ἀναφέρουσι.

461 2813 509 2865 27·
525 2789 599 2869 (tr-l

188 2947 291 3006 Cicero
305 2943 341 3003 de
356 2942 458 3004 Notus.
471 2942 557 3000 Deos.
569 2938 610 3013 ll,
627 2940 680 2997 16:
695 2941 755 2996 Nec
765 2944 914 2996 vemAri·

140 3041 288 3093 stoteles
304 3055 359 3093 non
375 3034 533 3091 laudandus
544 3038 573 3086 in
585 3051 629 3100 eo,
653 3031 728 3105 quod
737 3034 834 3086 omnia
853 3048 917 3103 quoe

141 3140 283 3184 moventur
293 3137 344 3182 aut
355 3138 459 3181 nutura
476 3126 579 3179 moveri
591 3127 701 3176 censuit
712 3131 762 3174 aut
777 3124 810 3174 vi
821 3129 851 3173 et
866 3137 915 3173 tro·

141 3219 259 3272 luntate.
281 3216 387 3270 Moneri
406 3224 499 3267 autent
515 3212 602 3267 sotem
625 3223 653 3265 et
669 3212 763 3264 lunum
780 3219 809 3263 et
823 3207 916 3262 sideru

139 3309 252 3372 omnia,
269 3323 332 3377 quse
351 3314 444 3357 autem
458 3312 560 3355 natura
581 3309 761 3366 morerentur,
783 3297 846 3352 lioec
867 3308 917 3349 aut

135 3393 261 3466 pondere
271 3392 398 3446 deorsum
403 3399 454 3443 aut
462 3389 570 3442 lenitate
580 3392 609 3440 in
619 3387 739 3440 sublime
743 3381 822 3455 serni
826 3400 836 3449 ,·
848 3402 914 3456 quo·

138 3499 199 3535 rum
223 3491 350 3534 neutrum
371 3481 457 3531 astris
473 3479 652 3546 contingeret,
673 3484 824 3546 propterea
843 3472 918 3543 quod

138 3586 232 3623 eorum
243 3578 330 3622 motus
340 3570 370 3620 in
381 3564 475 3620 orbem
493 3567 706 3634 circumquaque
714 3559 842 3625 serretur.
857 3560 916 3614 Nec

137 3674 207 3709 nero
223 3655 280 3707 dici
292 3662 384 3726 potest
394 3655 425 3704 νε·
439 3648 562 3721 quadam
572 3653 678 3718 majore
681 3649 761 3721 fieri,
775 3648 916 3703 utcontra

136 3752 272 3795 naturam
290 3747 366 3792 astra
385 3747 554 3793 moveantur.
571 3734 642 3805 Qua:
661 3739 734 3788 enirn
749 3746 915 3808 potestesse

136 3829 251 3901 majori
263 3829 360 3884 destnt
372 3828 457 3898 igitur
466 3834 498 3877 ut
504 3833 593 3878 motus
603 3832 739 3875 astrorum
755 3825 793 3874 sit
808 3820 912 3874 uolun-

136 3924 235 3976 tarius.
259 3916 332 3986 (λειω
351 3912 519 3987 quivident,
538 3928 594 3965 non
618 3908 727 3963 indocte
741 3908 838 3972 solum,
862 3924 913 3960 ue·

136 4024 197 4060 rum
211 4008 296 4059 etiam
309 4005 393 4076 impie
395 3999 504 4071 saciat,
518 4002 543 4051 si
554 3997 621 4051 deos
630 4012 689 4048 esse
701 4005 793 4067 neget.

456 4144 596 4223 tomis.)

176 4294 281 4353 Cicero
294 4292 331 4351 de
352 4291 461 4349 Natura
473 4290 559 4348 Deos.
575 4288 601 4360 l,
620 4289 654 4346 13
676 4308 683 4343 z
701 4291 912 4345 Aristoteles

135 4403 241 4459 quoque
254 4389 284 4438 in
299 4387 380 4438 tertio
391 4382 428 4435 dc
442 4378 625 4454 Philosophia
638 4379 708 4433 libro
718 4378 807 4433 multa
821 4379 913 4433 nerim

137 4492 157 4527 a
178 4476 312 4544 magistro
332 4471 451 4525 Platone
474 4485 529 4521 non
549 4468 723 4523 dissentiens.
737 4466 822 4521 Modo
836 4465 910 4521 enim

138 4565 222 4616 menti
235 4555 330 4613 tribuit
351 4573 460 4612 omnem
480 4555 662 4621 divinitatem,
676 4554 757 4608 modo
778 4555 909 4608 mundum

136 4654 223 4722 ipsum
233 4647 315 4722 deum
324 4646 394 4699 dicit
408 4660 477 4709 esse,
496 4643 577 4699 modo
587 4641 726 4715 quendam
734 4643 826 4702 alium
836 4659 909 4713 pra·

133 4738 192 4806 ficit
206 4735 310 4789 mundo
322 4737 402 4805 eique
411 4749 460 4786 ens
466 4742 563 4804 partes
574 4725 665 4784 tribuit
684 4741 714 4783 ut
726 4729 910 4803 replicatione

135 4900 188 4949 titos
202 4899 290 4950 hebent
304 4898 344 4962 qui
362 4895 391 4946 ud
411 4896 473 4946 beno
487 4909 541 4947 esse
555 4895 695 4958 conterunt,
713 4908 761 4945 non
774 4898 853 4946 tamen
866 4907 908 4944 eos

136 4987 175 5049 qui
186 4986 217 5036 ud
230 4998 283 5035 esse
294 5004 300 5030 ε
313 4983 384 5034 ceteri
400 4996 457 5033 vero
473 4996 558 5034 senem
574 4981 603 5032 ui
622 4995 677 5033 esse
689 4982 822 5034 conterunt.
837 4982 906 5040 Quod

136 5076 159 5124 et
173 5076 241 5138 poeto
252 5074 352 5123 testatos
362 5071 396 5122 itu
410 5070 490 5121 dicem
504 5089 511 5120 :

187 5212 226 5258 sot
239 5212 281 5267 qut
290 5211 368 5258 omniu
381 5210 482 5267 adspicis
495 5212 519 5259 et
528 5211 608 5258 omniu
624 5209 699 5256 τινοιν.

986 562 1110 633 quadam
1129 568 1227 620 mundi
1245 580 1347 622 motum
1361 582 1444 641 regat
1455 582 1539 645 atque
1559 586 1674 628 tueatur.
1691 580 1759 638 Tum

984 651 1051 703 coeli
1061 653 1189 707 ardorem
1202 656 1284 709 deum
1294 657 1364 710 dicit
1370 675 1439 724 esse,
1457 676 1513 714 non
1532 662 1689 735 intelligens
1700 684 1758 722 coe-

983 742 1042 792 lum
1056 740 1151 793 mundi
1166 760 1224 796 esse
1236 756 1358 816 purtem,
1376 765 1456 818 quent
1469 748 1528 803 ulio
1543 751 1602 805 loco
1615 754 1676 825 ipse
1685 754 1758 809 desi·

982 832 1080 898 gnarit
1097 829 1190 885 deum.
1213 830 1358 901 Quomodo
1375 846 1468 889 autern
1488 837 1556 891 eoeli
1578 839 1688 896 divinus
1709 845 1759 899 ille

981 930 1077 967 sensus
1093 920 1123 970 in
1143 918 1286 973 celeritate
1303 932 1382 974 tantu
1396 930 1552 979 conservari
1563 930 1678 998 potest?
1701 931 1759 987 Uti·

981 1001 1085 1057 deinde
1107 1004 1152 1058 ilii
1172 1016 1212 1061 tot
1228 1007 1283 1076 dii,
1304 1011 1331 1062 si
1353 1027 1531 1067 numeramus
1552 1018 1637 1070 ctiam
1655 1020 1756 1076 coelttrn

980 1087 1085 1143 deum?
1106 1091 1197 1161 Quum
1210 1105 1303 1149 autent
1317 1099 1379 1150 sinc
1392 1115 1505 1172 corpore
1526 1102 1599 1156 idem
1618 1106 1683 1160 vult
1696 1124 1757 1165 esse

981 1176 1071 1245 deum,
1088 1185 1165 1234 omni
1176 1182 1255 1236 illum
1271 1201 1355 1240 sensu
1370 1191 1466 1259 privat
1482 1192 1678 1264 etprudentiu.
1694 1197 1757 1268 Quo

977 1282 1063 1335 porro
1080 1269 1162 1323 modo
1182 1272 1314 1326 mundum
1328 1290 1436 1329 mouere
1448 1295 1547 1332 curem
1564 1297 1683 1355 corpore.
1705 1296 1758 1340 aut

966 1369 1035 1435 *quo
1045 1355 1128 1411 modo
1137 1374 1248 1431 semper
1257 1377 1288 1414 se
1302 1379 1412 1416 mouens
1422 1380 1482 1419 esse
1497 1369 1604 1439 quietus
1613 1381 1643 1423 et
1659 1371 1756 1427 beatm

976 1443 1093 1513 potest?

1020 1526 1116 1595 Quum
1132 1528 1193 1588 iiaec
1207 1531 1463 1595 verbumillius
1477 1538 1529 1614 qui
1551 1541 1628 1617 apud
1642 1540 1756 1603 Cicero·

979 1633 1043 1671 nem
1054 1614 1263 1693 Epicureorum
1272 1621 1433 1681 doctrinam
1443 1623 1582 1698 defendit,
1592 1630 1656 1687 sine
1662 1631 1753 1690 dubio

989 1721 1005 1758 e
1024 1702 1139 1762 Phaedri
1165 1705 1202 1764 de
1222 1705 1330 1766 Natura
1352 1708 1473 1768 deosum
1501 1710 1579 1771 libro
1602 1714 1753 1794 desumpti

976 1802 1054 1846 sunt.
1067 1789 1113 1850 Cs.
1127 1791 1236 1854 Minue.
1251 1793 1310 1854 tet.
1333 1795 1398 1856 Oct.
1414 1796 1496 1870 xlx,
1514 1822 1532 1875 9
1551 1819 1559 1860 ε
1579 1808 1751 1861 Aristote-

977 1884 1026 1936 les
1049 1888 1145 1939 variat
1164 1897 1193 1939 et
1209 1891 1340 1958 assignat
1352 1899 1447 1942 tumen
1465 1908 1552 1946 unnnt
1572 1905 1751 1965 potestatem.

975 1974 1051 2027 Nam
1081 1979 1190 2029 interint
1217 1987 1349 2041 mentem,
1382 1980 1514 2034 mundum
1535 1986 1645 2037 interim
1670 1983 1753 2040 deum

975 2078 1035 2116 esse
1046 2065 1123 2131 dicit,
1140 2068 1251 2118 interim
1271 2066 1373 2118 mundo
1384 2068 1467 2121 deum
1472 2070 1607 2143 praeficit.
1623 2067 1752 2127 Luctum.

975 2145 1048 2207 Inst.
1060 2147 1085 2219 ἐ,
1102 2147 1132 2218 5,
1144 2168 1181 2205 nn
1195 2169 1201 2204 ι
1216 2153 1445 2220 Aristoteles,
1455 2160 1580 2225 quamvis
1592 2175 1683 2212 cecum
1693 2165 1753 2232 ipse

971 2238 1124 2308 dissident,
1141 2258 1176 2292 ac
1189 2244 1377 2314 repugnantia
1387 2240 1437 2294 sibi
1448 2253 1475 2294 et
1492 2244 1570 2296 diem
1579 2254 1616 2299 'et
1636 2252 1750 2316 sentiat,

973 2329 1003 2379 in
1013 2343 1150 2380 summum
1166 2337 1261 2380 tumen
1279 2344 1365 2380 unam
1380 2338 1500 2381 mentem
1514 2333 1616 2397 mundo
1629 2352 1752 2405 praesse

973 2423 1099 2468 testatur.

1287 2567 1336 2622 νο·
1354 2546 1429 2625 tis-t

1012 2676 1115 2735 Cicero
1130 2678 1247 2754 Disput.
1266 2676 1286 2733 Γ
1288 2678 1380 2737 uscul.
1398 2678 1423 2751 l,
1446 2698 1492 2752 το,
1509 2700 1545 2737 αα
1564 2687 1751 2742 :Aristarc

973 2768 1023 2821 los
1047 2769 1128 2839 longe
1145 2767 1273 2823 omnibus
1295 2767 1460 2841 (Platonem
1483 2788 1594 2844 semper
1615 2772 1747 2852 excipio)

968 2867 1109 2930 [incestans
1123 2867 1151 2909 et
1165 2860 1276 2928 ingenio
1292 2868 1319 2911 et
1339 2858 1496 2932 diligentia,
1517 2876 1600 2931 qurum
1621 2873 1768 2934 quattuor·

971 2956 1039 2997 notu
1050 2944 1102 2998 illa
1118 2963 1225 3016 genera
1239 2949 1439 3019 principiorum
1459 2959 1531 3001 esset
1547 2951 1715 3022 complexus,
1732 2971 1749 3006 e

972 3032 1071 3105 quibus
1091 3037 1187 3086 omniu
1201 3039 1336 3101 oriuntur,
1359 3040 1483 3107 quintam
1507 3036 1651 3108 quandam
1664 3052 1747 3093 natu·

970 3138 1032 3174 ram
1053 3131 1146 3174 censet
1155 3138 1221 3184 esse,
1240 3139 1322 3194 equa
1339 3126 1377 3176 sit
1392 3140 1480 3179 mens.
1498 3122 1631 3197 Cogitare
1653 3131 1737 3193 enirn,

969 3220 998 3262 et
1014 3209 1158 3283 providere
1171 3222 1200 3263 et
1212 3210 1326 3278 discere,
1345 3221 1375 3264 et
1387 3212 1498 3284 docere,
1509 3223 1539 3266 et
1551 3217 1671 3269 invenire
1688 3219 1745 3270 nli-

968 3298 1045 3369 quid,
1057 3308 1089 3363 et,
1098 3308 1155 3350 tant
1165 3299 1252 3351 multa
1262 3299 1334 3367 aliu,
1345 3304 1511 3366 meminisse,
1527 3318 1632 3369 amare,
1644 3305 1743 3373 odisse,

969 3390 1193 3460 cupere,timere‚
1205 3388 1283 3457 angi,
1296 3387 1390 3441 loetari
1403 3406 1412 3440 .·
1428 3386 1527 3442 lsoecet
1535 3391 1642 3443 similia
1651 3410 1744 3447 eonnn

970 3476 1000 3525 in
1004 3472 1106 3527 tiorum·
1113 3483 1243 3544 quattuor
1246 3491 1380 3545 generum
1387 3478 1475 3527 inesse
1481 3477 1656 3548 nulloputat.
1666 3479 1750 3547 Quin·

969 3571 1026 3613 tum
1046 3579 1134 3631 genus
1150 3559 1265 3614 adhibet
1282 3579 1391 3615 vacans
1408 3566 1538 3631 nomine;
1554 3578 1583 3617 et
1599 3567 1639 3616 sic
1654 3568 1742 3637 ipsum

968 3651 1094 3700 animum
1110 3642 1271 3722 ἐντελέχειαν
1283 3649 1419 3721 appellnt,
1436 3668 1504 3704 noro
1516 3653 1644 3704 nomine:
1663 3659 1745 3720 otiosi

966 3733 1113 3805 quandum
1124 3738 1280 3787 continuam
1294 3739 1442 3790 motionem
1453 3749 1480 3790 et
1487 3752 1658 3809 perennern3
1668 3734 1742 3797 ibid.

971 3840 1019 3892 νγ,
1033 3828 1067 3888 tt
1088 3822 1140 3879 :Si
1152 3839 1214 3875 uero
1224 3832 1275 3874 aut
1286 3839 1416 3876 numerus
1429 3825 1544 3895 quidam
1566 3826 1605 3875 sit
1620 3829 1738 3893 unimus,

965 3910 1042 3983 quod
1063 3909 1198 3962 subtiliter
1215 3912 1307 3981 magis
1322 3927 1407 3981 quam
1428 3910 1553 3963 dilucide
1566 3910 1679 3986 dictur,
1694 3929 1746 3969 aut

967 4001 1067 4070 quinta
1079 3996 1131 4049 illu
1145 4013 1200 4049 non
1216 3998 1364 4049 nominata
1385 3999 1477 4066 magis
1494 4014 1577 4068 quum
1588 4017 1643 4053 non
1664 4004 1744 4056 intel·

967 4086 1041 4139 lecta
1051 4096 1171 4151 nutura3
1185 4078 1259 4140 ibid.
1275 4080 1325 4151 26,
1340 4081 1377 4138 65
1395 4101 1401 4137 ι
1416 4083 1467 4137 Sin
1488 4096 1582 4140 autent
1594 4095 1742 4162 estquinta

964 4173 1096 4245 quiedam
1111 4183 1233 4241 natura,
1261 4170 1298 4224 ab
1320 4173 1516 4226 Aristotele
1536 4174 1660 4250 inducta,
1684 4183 1742 4250 pri·

964 4278 1040 4314 mum
1054 4258 1118 4313 lsaec
1141 4268 1172 4312 et
1190 4258 1303 4312 deorum
1318 4270 1359 4313 est
1372 4271 1399 4314 et
1412 4263 1572 4316 animarum
1579 4281 1590 4330 ,·
1606 4258 1676 4319 ibid.
1690 4283 1739 4339 27,

965 4345 1002 4402 66
1016 4345 1025 4418 i
1038 4364 1054 4401 e
1067 4343 1146 4402 libro
1158 4342 1195 4401 de
1214 4343 1429 4422 Consolatione)
1444 4347 1624 4421 :Singularis
1636 4365 1677 4407 est
1688 4357 1740 4424 igi·

964 4446 1010 4488 tur
1022 4436 1153 4508 quoednm
1169 4447 1272 4489 natura
1285 4448 1369 4510 atque
1380 4441 1425 4492 uis
1440 4442 1540 4504 animi,
1558 4446 1685 4511 sejuncta
1702 4444 1740 4496 ab

964 4520 1009 4575 liis
1018 4527 1127 4576 usitatis
1139 4526 1265 4597 notisque
1273 4529 1389 4582 naturis.
1405 4527 1465 4596 Ita,
1475 4527 1613 4600 quidquid
1616 4540 1658 4582 est
1668 4530 1742 4582 illud

962 4610 1038 4682 quod
1044 4614 1135 4677 sentit,
1143 4612 1219 4684 quod
1226 4616 1310 4686 sapit,
1321 4614 1398 4686 quod
1405 4618 1482 4688 nisit,
1493 4616 1569 4687 quod
1578 4619 1667 4686 viget,
1677 4634 1736 4669 σαε-

964 4698 1031 4752 leste
1045 4710 1072 4752 et
1089 4699 1211 4752 divinum
1229 4701 1265 4754 ol>
1278 4718 1395 4773 eumque
1409 4719 1467 4756 rem
1481 4714 1616 4757 arternum
1628 4708 1667 4756 sit
1686 4722 1736 4757 ne·

962 4800 1036 4842 cesse
1044 4797 1101 4852 est,·
1113 4782 1247 4841 tendens.
1258 4782 1281 4857 ἐ,
1293 4805 1322 4856 7,
1335 4787 1373 4842 26
1386 4806 1393 4842 ι
1406 4789 1539 4859 Quintum
1550 4807 1673 4861 genus‚c
1683 4809 1738 4861 quo

961 4884 1052 4928 essent
1065 4885 1143 4928 astra
1157 4885 1323 4947 mentesque,
1336 4876 1491 4948 singulare,
1501 4888 1736 4950 eorumqucquat·

962 4972 1035 5028 tuor„
1058 4980 1122 5035 quie
1138 4981 1224 5035 supra
1242 4962 1317 5032 dixi,
1345 4962 1493 5033 dissimile,
1522 4965 1736 5018 Aristoteles

960 5050 1095 5121 quiddam
1102 5068 1161 5105 esse
1167 5051 1294 5117 rebatur,
1305 5047 1341 5105 de
1348 5045 1470 5106 Finibus
1477 5046 1522 5117 lv,
1536 5049 1565 5118 5,
1579 5068 1612 5106 ια
1625 5050 1735 5121 :Quum

961 5147 1054 5191 autent
1075 5148 1247 5210 quareretur
1262 5156 1306 5192 res
1324 5139 1474 5193 admodum
1497 5134 1642 5210 difficilis,
1668 5156 1735 5193 nunt

961 5229 1061 5295 quinta
1069 5226 1199 5298 quadam
1209 5237 1310 5279 natura
1320 5225 1462 5279 videretur
1469 5242 1537 5294 esse,
1548 5241 1586 5277 cc
1594 5242 1650 5297 qua
1660 5232 1735 5281 ratio
