3959 5900
784 530 1050 592 Praetentura.

418 669 454 729 ii
477 662 575 739 (357).

155 820 190 879 lu
208 818 285 879 libro
302 838 324 878 s·
349 818 371 877 l.
395 834 421 876 e.
440 835 465 873 a.
487 817 630 894 inscripto
646 838 653 874 ε
669 819 817 893 Speculum
835 837 882 875 sa·

110 915 216 985 pientio
230 911 304 966 beati
318 908 410 965 Clrilli
431 913 553 982 eprlscopi
574 909 651 963 olias
667 909 883 982 quadripartitis

110 1002 299 1076 asiologeticus
327 1007 445 1053 uocatus
469 992 521 1072 (V.
553 993 639 1064 llain,
669 998 779 1068 Repert.
811 994 880 1049 bibl.

116 1082 224 1162 59'04),
246 1083 330 1162 cujus
356 1095 385 1142 et
410 1081 526 1140 codices
550 1083 609 1140 duo
637 1082 734 1140 Beros.
759 1080 883 1138 contulit

115 1171 190 1230 liose
201 1172 271 1248 (qui
283 1170 320 1228 de
337 1183 454 1228 auctore
471 1168 586 1246 Cyrillo
598 1168 635 1227 de
648 1168 825 1238 Quidenon,
841 1166 883 1225 ci·

108 1273 153 1318 tat
166 1257 365 1335 Debrorosky,
379 1258 541 1316 Gesclriclrte
549 1260 601 1313 der
608 1256 786 1315 botmtscnen
797 1255 884 1328 Spra·

107 1347 164 1403 elie
174 1348 234 1402 und
250 1349 411 1416 Littercmr,
432 1343 520 1418 Prag.
546 1343 631 1413 1818,
643 1361 675 1419 p.
691 1336 765 1417 296)
780 1338 828 1396 hic
841 1350 885 1397 est

112 1435 251 1510 prologus
266 1454 273 1489 ε
286 1435 441 1490 Secundum
457 1434 660 1488 Aristotelis
674 1435 840 1486 sententiam
854 1434 882 1483 in

112 1521 356 1577 Probleumatibus
376 1524 444 1588 suis,
468 1537 627 1593 quanquam
644 1523 675 1573 in
697 1518 835 1591 cremplis
853 1521 882 1570 in

107 1610 280 1664 addiscendo
298 1608 444 1679 gaudeant
458 1625 560 1671 omnes,
577 1611 607 1660 in
620 1607 776 1679 disciplinis
789 1616 883 1661 tamen

112 1697 264 1752 moralibus
278 1695 330 1751 ltoc
346 1697 467 1768 amplius
479 1697 586 1769 placet,
598 1699 729 1767 quoniam
746 1703 883 1747 structura

110 1804 218 1840 montm
238 1788 362 1858 imagine
373 1789 454 1857 picta
470 1801 560 1837 rerum
582 1781 805 1837 similitudinibus
826 1798 882 1852 pa·

112 1873 218 1927 loeium
229 1876 342 1927 uirtutis
359 1871 478 1926 ostendit
496 1869 563 1944 (sub
580 1873 705 1941 imagine
715 1874 794 1941 picta
808 1885 882 1940 pau-

109 1961 193 2014 latim
205 1961 358 2015 ostenditur
366 1956 431 2014 cod.
448 1955 544 2014 Beroi.
557 1953 638 2032 sem),
651 1957 769 2028 eoquod
779 1973 817 2010 ear
829 1973 883 2009 na·

110 2048 248 2102 toralibus
274 2047 439 2105 animalium
470 2045 590 2100 moribus
617 2055 643 2098 et
666 2042 884 2118 proprietatibus

108 2153 204 2190 rerum
217 2140 299 2208 quasi
307 2136 343 2189 cle
351 2138 424 2188 vivis
433 2129 599 2207 imaginibus
612 2131 734 2187 bunione
743 2135 800 2186 uite
813 2149 882 2205 qua·

112 2226 180 2278 litas
193 2224 377 2295 exemplatur.
404 2223 486 2276 Totus
498 2226 572 2276 enim
583 2220 700 2274 mundus
709 2219 829 2274 visibilis
841 2228 885 2272 est

106 2313 187 2366 scola
207 2323 235 2366 et
258 2311 412 2365 rationibus
425 2314 561 2384 sapientie
578 2310 667 2382 plena
689 2320 751 2361 sunt
773 2311 880 2364 omnia.

110 2400 232 2473 Propter
243 2398 304 2466 lroc,
310 2399 362 2472 fili
376 2398 531 2465 karissime,
546 2394 723 2468 informativa
727 2398 881 2468 juventutis

108 2498 160 2541 tue
173 2487 337 2542 documenta
350 2487 504 2544 moralia...
521 2488 670 2552 tradentur,
685 2495 740 2543 eto.

153 2827 262 2885 Praeter
301 2820 501 2878 collectionem
544 2817 781 2889 Problematum,
819 2834 884 2895 quse

106 2906 261 2966 communi
287 2906 371 2965 titulo
394 2905 581 2985 physicorum
607 2906 764 2985 inscripta,
784 2905 881 2965 varias

111 2996 259 3055 naturales
278 2997 453 3074 quaestiones
477 2993 731 3075 complectebatur,
757 2995 882 3053 minoris

110 3082 363 3144 ambitiulibellos
374 3085 529 3154 exstitisse,
538 3083 626 3141 unius
641 3096 751 3142 tantum
766 3082 881 3159 generis

109 3170 320 3248 quaestionibus
332 3173 519 3248 compositos,
532 3189 597 3227 cum
607 3189 644 3228 ex
653 3169 809 3241 indicibus,
821 3183 880 3227 tum

111 3257 230 3316 aliunde
244 3256 398 3335 probabile
409 3258 452 3327 fit,
464 3257 500 3317 de
519 3256 627 3335 quibus
637 3277 716 3316 nunc
725 3257 826 3334 paucis
839 3257 882 3315 ri·

108 3344 237 3404 dendum
251 3345 318 3414 erit.

95 3507 148 3572 .l1.
175 3506 265 3566 ΠΕΡΙ
285 3506 362 3564 ΤΗΣ
382 3506 459 3565 ΤΟΥ
479 3505 621 3565 unitor
642 3505 880 3568 annssnzmz.

150 3666 240 3723 Liber
264 3665 392 3744 περὶτῆς
413 3664 573 3726 sonnium
600 3664 751 3733 ἅναὸοίοεοις
778 3667 809 3725 in
837 3688 884 3746 ap·

108 3753 232 3832 pendice
256 3753 403 3829 Anonymi
426 3765 600 3811 memoratus
622 3751 690 3830 (19)
711 3767 741 3811 et
761 3754 828 3812 item
850 3755 882 3812 in

107 3841 208 3900 indice
229 3839 373 3900 arabico:
398 3845 440 3897 De
462 3841 529 3900 Nilo
551 3847 719 3917 Egyptians
743 3844 808 3900 libri
830 3848 886 3900 III

109 3927 292 4004 (Dscbemal.
310 3926 376 4007 nal,
402 3928 500 3987 eadem
526 3928 585 3986 lere
605 3929 724 3986 fortuna
749 3949 818 3988 usus
832 3931 879 3989 vi-

107 4017 205 4087 detur,
232 4015 364 4093 qua'qui
385 4017 529 4074 secundus
554 4018 711 4094 inscriptus
734 4031 776 4076 est
796 4018 881 4077 OEco·

111 4105 292 4164 nomicorum
316 4104 353 4160 de
383 4123 441 4181 quo
469 4123 560 4182 supra
586 4103 724 4166 diximus.
753 4106 882 4185 Antiqua

110 4194 189 4252 enim
214 4190 278 4269 ejus
303 4191 402 4250 versio
427 4193 516 4251 latina
541 4192 756 4269 quintodecimo
783 4196 879 4254 seculo

110 4294 153 4340 ter
174 4282 295 4340 seorsim
320 4281 398 4359 typis
419 4281 497 4340 edita
512 4281 565 4357 (cl.
580 4281 663 4354 llain,
683 4286 823 4358 llepertor.
842 4286 881 4339 in·-

111 4372 295 4447 bliograplric.
320 4369 426 4446 stuttg.
453 4372 598 4442 1826·38,
615 4370 651 4433 N.
672 4371 762 4448 1659,
790 4373 881 4446 1682,

117 4460 192 4532 1786
202 4459 222 4536 l,
238 4477 291 4518 nec
306 4458 402 4517 minus
417 4459 448 4516 in
467 4460 570 4517 latinas
584 4478 705 4536 operum
720 4458 883 4517 Aristotelis

110 4545 252 4603 editiones
267 4559 391 4622 recepta,
405 4559 436 4603 ut
445 4547 477 4606 in
486 4544 621 4605 Venetam
636 4546 722 4622 1550,
735 4546 885 4605 basileen-

112 4653 170 4690 sem
188 4633 275 4704 1563,
293 4634 365 4691 adeo
383 4633 486 4693 deinde
500 4634 651 4692 obliterata
665 4647 709 4692 est
720 4647 751 4690 ut
770 4633 807 4692 ab
824 4654 885 4691 om·

112 4724 199 4780 nibus
210 4722 267 4779 sere
275 4720 334 4796 jam
349 4724 535 4796 ignoraretur
548 4723 597 4801 (cl.
611 4735 704 4780 tamen
718 4735 824 4800 praeter
833 4720 884 4778 Fa·

111 4808 247 4881 bricium,
270 4809 378 4884 buhle,
397 4813 432 4868 ilc
448 4815 603 4869 Aristotelis
626 4813 703 4867 libris·
724 4814 880 4887 deperditis,

424 5061 466 5108 DE
481 5060 563 5108 NILO.

486 5177 509 5224 1.

138 5282 189 5331 Aer
201 5279 319 5331 uersatur
330 5286 355 5333 et
364 5282 389 5332 in
398 5296 425 5334 se
436 5283 516 5347 ipsum
527 5283 630 5334 considit
653 5296 701 5332 non
710 5283 789 5332 solum
797 5279 884 5349 trigone

1645 531 1700 590 sti

934 681 962 739 p.
975 679 1030 732 ιν]
1045 673 1074 718 et
1088 658 1225 732 litandis,
1237 664 1408 732 Aristoteles,
1422 674 1441 717 t.
1452 659 1477 730 l,
1488 680 1518 735 p.
1533 660 1611 736 rao),
1623 659 1663 717 ita
1675 672 1708 718 ut

934 769 997 809 eam
1013 750 1117 809 Rosius
1134 751 1268 828 quamvis
1289 750 1408 826 editam,
1436 751 1573 809 ineditam
1600 771 1708 811 vocare

936 839 1040 897 merito
1052 839 1187 917 potuerit.
1200 836 1319 895 Librum
1334 838 1430 916 ipsum
1438 837 1507 916 jure
1517 838 1707 900 Problematis

938 927 1094 995 accenseri,
1104 925 1281 984 demonstrat
1291 928 1413 1003 quaestio
1421 925 1458 984 de
1468 927 1639 1002 qnaagitur,
1648 948 1707 986 non

938 1014 1033 1071 minus
1055 1015 1088 1071 in
1110 1013 1281 1090 antiquitate
1301 1032 1386 1089 quam
1407 1012 1443 1069 ad
1467 1025 1594 1071 nostram
1616 1033 1708 1091 usque

939 1100 1107 1157 memoriam
1132 1112 1333 1169 controversa,
1357 1099 1424 1157 licet
1439 1099 1572 1176 proxime
1590 1097 1650 1175 jam
1672 1101 1708 1157 ad

939 1206 1039 1245 verum
1055 1187 1215 1257 accesserit,
1229 1186 1360 1263 quisquis
1372 1185 1423 1243 ilie
1438 1185 1501 1261 luit,
1516 1186 1567 1262 qui
1581 1185 1658 1244 hunc
1671 1187 1709 1245 li-

938 1274 1048 1333 bellum
1060 1274 1206 1342 condidit,
1225 1287 1254 1331 et
1270 1273 1397 1332 solemne
1417 1275 1448 1330 in
1464 1273 1573 1331 talibus
1588 1274 1706 1332 initium

938 1361 990 1422 Διὰ
1001 1361 1039 1433 τί,
1050 1365 1247 1438 propter-qnid.
1261 1360 1364 1419 Utrum
1374 1379 1445 1419 vero
1455 1360 1634 1435 Aristoteles,
1650 1380 1686 1419 an
1697 1405 1706 1440 ,

939 1463 971 1508 ut
1001 1451 1097 1508 voluit
1129 1450 1249 1519 Rosius,
1282 1449 1496 1528 Theophrastus
1526 1461 1625 1506 auctor
1654 1451 1706 1508 ha·

937 1537 1051 1596 liendus
1068 1536 1132 1615 sit,
1148 1537 1269 1615 quaestio
1290 1549 1347 1605 est,
1373 1536 1526 1612 quamvis
1552 1534 1708 1613 dijudicari

938 1644 1025 1705 posse
1042 1644 1205 1705 speramus,
1222 1626 1383 1702 ptaesettim
1397 1644 1487 1701 quum
1512 1623 1548 1681 ad
1572 1626 1706 1682 codicum

932 1718 1141 1786 animositatem,
1152 1717 1327 1792 scriptorum
1338 1732 1455 1788 quoque
1463 1727 1623 1785 graecorum
1634 1720 1710 1762 tesn-

935 1808 1032 1864 monia
1046 1805 1197 1875 accedant,
1209 1803 1286 1861 unde
1306 1802 1490 1859 manifestum
1509 1799 1572 1856 lieri
1591 1795 1708 1853 videtur

938 1895 994 1945 hoc
1008 1890 1103 1965 ipsum
1122 1898 1324 1962 argumentum
1347 1886 1466 1944 uberius
1491 1884 1528 1942 ab
1549 1885 1705 1947 Aristotele-

938 1986 1088 2032 tractatum
1102 1992 1175 2035 esse.
1189 1975 1231 2034 De
1240 1985 1357 2032 auctore
1371 1972 1441 2030 libri
1457 1990 1538 2030 more
1549 1972 1636 2030 solito
1651 1974 1681 2032 in
1700 2018 1707 2030 .

937 2063 1117 2137 depositione
1127 2082 1212 2137 snpra
1224 2065 1320 2118 librum
1333 2064 1369 2117 cle
1382 2063 1565 2118 inundatione
1579 2065 1641 2117 Nili
1653 2067 1708 2119 col·

938 2153 1010 2206 lecta
1021 2169 1096 2207 anno
1108 2155 1222 2207 Domini
1234 2151 1319 2205 MCC
1321 2151 1344 2204 C
1348 2151 1372 2199 V
1372 2153 1393 2204 I
1392 2153 1407 2202 l
1411 2153 1428 2203 t
1445 2154 1475 2203 in
1489 2151 1674 2220 rogationibus
1688 2172 1708 2204 a

937 2245 1069 2312 magistro
1081 2239 1318 2294 Bartholomeode
1327 2240 1442 2308 Brugn,
1452 2234 1536 2311 cujus
1548 2236 1708 2312 specimina

936 2324 1068 2401 quiedam
1083 2343 1100 2383 e
1120 2324 1219 2383 codice
1232 2321 1358 2381 Sorbon.
1380 2324 1435 2389 841
1453 2322 1530 2379 edita
1548 2334 1615 2379 sunt
1631 2323 1708 2400 apud

941 2411 1061 2472 Rosium
1071 2433 1101 2491 p.
1113 2414 1172 2488 639
1184 2431 1208 2472 s.
1227 2433 1233 2468 :
1250 2414 1325 2469 Nota
1333 2417 1426 2486 primo
1436 2414 1512 2485 qnod
1522 2416 1573 2467 iste
1583 2412 1654 2466 liber
1666 2419 1710 2467 vi-

890 2557 898 2571 ,
940 2503 1023 2557 detur
1036 2499 1137 2572 factus
1154 2520 1213 2557 esse
1234 2502 1271 2556 ab
1291 2501 1456 2568 Aristotele,
1481 2510 1509 2553 ct
1527 2498 1580 2554 lioc
1597 2516 1712 2573 propter

941 2597 1016 2664 tria,
1038 2597 1134 2664 primo
1162 2596 1229 2663 quia
1257 2591 1375 2642 similem
1404 2591 1514 2641 morisim
1540 2590 1708 2661 procedemli

941 2675 1029 2732 babet
1052 2684 1081 2732 in
1099 2683 1166 2745 isto,
1188 2678 1293 2729 scilicet
1311 2679 1401 2747 primo
1420 2676 1550 2748 ponendo
1571 2680 1712 2747 opiniones

940 2767 1060 2819 aliorum
1073 2778 1140 2819 ante
1152 2768 1316 2837 propriam,
1338 2768 1408 2815 sient
1423 2769 1452 2815 in
1466 2764 1533 2816 aliis
1548 2764 1622 2816 lions
1635 2770 1708 2827 anis,

939 2854 1058 2907 secundo
1070 2871 1108 2907 er
1118 2853 1195 2919 stilo,
1212 2856 1272 2919 ejtcs
1281 2855 1329 2921 qui
1341 2848 1426 2902 breuis
1434 2861 1462 2901 et
1472 2848 1600 2903 obscurus
1611 2867 1710 2903 secun·

939 2941 1005 3000 dum
1016 2941 1168 3009 subjectarit
1182 2942 1340 3002 materiam,
1353 2942 1434 2990 tercio
1447 2940 1514 3009 qnia
1524 2938 1642 3009 quedam
1653 2951 1710 2992 tra·

940 3029 1000 3082 dita
1014 3032 1042 3081 in
1055 3028 1125 3082 libro
1134 3025 1330 3080 rnetlreorornm
1342 3023 1387 3077 liic
1400 3025 1527 3096 replicat.

980 3113 1112 3171 Ceterum
1128 3112 1164 3169 de
1178 3110 1244 3169 Nilo
1269 3108 1403 3188 pluribus
1421 3107 1457 3166 ab
1476 3110 1630 3170 Aristotele
1645 3112 1709 3170 dic·

939 3213 1000 3258 tum
1019 3201 1119 3270 fuisse,
1145 3200 1176 3257 in
1190 3198 1331 3276 ampliore
1355 3197 1496 3255 librorum
1511 3198 1547 3255 de
1567 3198 1709 3258 Menenio·

942 3287 1021 3363 logia
1045 3286 1233 3360 recensione,
1247 3283 1409 3362 conjecerat
1429 3284 1499 3342 olim
1515 3282 1658 3359 ldelerus,
1680 3289 1710 3345 in

941 3394 1048 3435 comm.
1064 3375 1099 3433 ad
1112 3374 1234 3433 aristot.
1248 3372 1412 3442 llleteorol.,
1429 3385 1447 3431 t.
1462 3371 1487 3446 l,
1499 3391 1530 3449 p.
1546 3374 1612 3445 467,
1622 3374 1711 3433 nullis

942 3476 1037 3521 tamen
1060 3466 1130 3521 satis
1152 3463 1228 3540 aptis
1249 3460 1425 3538 argumentis
1447 3459 1483 3517 ad
1502 3478 1582 3517 suam
1600 3459 1637 3516 de
1657 3460 1711 3518 du·

941 3550 1013 3627 plici
1033 3550 1203 3608 recensione
1223 3549 1390 3626 opinionem
1412 3547 1638 3605 confirmandam
1663 3548 1712 3604 ad·

940 3637 1022 3696 ditis.
1037 3637 1130 3696 Locus
1141 3650 1203 3695 erat
1222 3635 1292 3693 libri
1305 3635 1395 3712 primi
1409 3647 1496 3710 caput
1512 3634 1707 3692 tertiumdeci-

940 3744 1031 3795 mum,
1051 3724 1130 3801 quod
1143 3735 1241 3802 aperte
1258 3723 1383 3801 respexit
1397 3721 1519 3780 Proclus
1530 3722 1562 3779 in
1579 3721 1709 3781 Platonis

938 3810 1093 3885 Timaeum,
1106 3831 1137 3890 p.
1160 3814 1208 3884 37,
1226 3809 1346 3887 adjectis
1365 3823 1460 3867 tamen
1475 3809 1626 3867 nonnullis
1646 3829 1711 3885 quae

936 3900 972 3957 ad
994 3899 1178 3976 deperditum
1197 3897 1340 3975 quendam
1365 3897 1402 3955 de
1420 3895 1474 3954 hac
1494 3896 1657 3974 quaestione(
1671 3897 1706 3953 li·

937 3986 1023 4044 brum
1038 3985 1185 4063 pertinere
1197 3984 1343 4043 videntur.
1357 3983 1401 4040 et.
1419 3983 1495 4041 infra
1508 3982 1545 4043 ir.
1559 4004 1588 4041 a.

1255 4130 1392 4212 mssa).

978 4280 997 4339 J
999 4299 1106 4339 oannes
1116 4278 1232 4358 Philop.
1242 4279 1273 4336 in
1281 4278 1369 4336 Arist.
1380 4276 1416 4335 de
1425 4275 1529 4337 Gener.
1535 4275 1707 4356 etCorrupt.

940 4368 975 4444 (l,
994 4370 1023 4439 5,
1038 4371 1065 4444 8)
1090 4367 1138 4426 iol.
1160 4388 1197 4425 aa
1223 4379 1327 4425 recto:
1348 4363 1456 4446 ssiqoxe
1470 4364 1498 4424 bl
1513 4370 1672 4425 πυκνοῦσθαι
1687 4368 1710 4441 (ὅ

940 4456 991 4535 ιἰἠρ
1006 4457 1081 4532 soil.)
1097 4454 1142 4514 καὶ
1163 4456 1198 4521 οἷς
1217 4453 1309 4514 ἑαυτὸν
1332 4452 1474 4522 συνιζάνειν
1488 4455 1516 4511 οὐ
1536 4452 1614 4531 μόνον
1625 4455 1710 4533 ψυχό-

940 4566 1016 4620 μενος
1036 4544 1081 4623 (cl.
1106 4546 1196 4602 Arist.
1218 4542 1368 4602 Meteonol.
1386 4540 1412 4613 l,
1428 4564 1457 4620 9,
1474 4544 1490 4600 3
1506 4555 1534 4600 et
1548 4563 1573 4602 c.
1593 4563 1639 4615 ιο,
1664 4542 1709 4621 19}

941 4631 1066 4691 ἀλλὰκαὶ
1079 4630 1224 4708 ὠθούμενος
1237 4630 1282 4689 καὶ
1296 4629 1461 4706 πιλούμενος.
1472 4629 1552 4690 Οὕτω
1566 4635 1626 4706 γοῦν
1642 4632 1709 4689 ἀπο·

939 4719 1052 4798 δέδειχεν
1074 4721 1088 4777 ὁ
1107 4718 1341 4798 Ἀριστοτέλης
1359 4720 1385 4775 ἐν
1400 4719 1467 4796 θέρει
1488 4719 1514 4776 ἐν
1538 4740 1570 4795 τη
1586 4717 1709 4798 Αἰθιοπίᾳ

938 4806 996 4872 τοὺς
1007 4805 1092 4873 ὑετοὺς
1103 4804 1265 4884 γινομένους·
1278 4804 1426 4882 ὠθουμένης
1435 4806 1486 4886 γὰρ
1500 4808 1546 4876 τῆς
1557 4807 1587 4864 ἐκ
1600 4809 1652 4863 τῶν
1661 4810 1708 4885 βο·

937 5053 981 5104 sed
994 5054 1068 5104 etiam
1083 5053 1172 5116 pulsus
1182 5053 1209 5103 et
1220 5063 1385 5114 compressus.
1400 5053 1437 5101 tta
1448 5051 1523 5115 igitur
1535 5049 1642 5100 osmndit
1653 5049 1708 5099 nri·

938 5168 1038 5218 stoteles
1051 5169 1136 5218 aestan
1154 5166 1243 5216 imbres
1263 5166 1328 5230 gigni
1347 5166 1372 5216 in
1390 5164 1512 5230 AEtniopia
1526 5186 1531 5214 :
1547 5177 1588 5213 aer
1599 5163 1663 5213 enim
1676 5176 1707 5215 ex

939 5280 1077 5346 regionibus
1091 5293 1191 5331 versum
1209 5280 1396 5343 septentrionem
1410 5279 1511 5344 positis,
1531 5278 1611 5328 veniis
1623 5279 1706 5330 etesiis

1587 5370 1612 5416 ti
