3959 5900
788 852 1005 917 rttfflttttn
1543 875 1559 908 v

241 992 448 1089 fragmenta
466 989 548 1062 coll.
574 990 625 1063 ill.
651 996 725 1062 Van
743 989 839 1085 Dijlt,
856 988 997 1083 Ultraj.,
1022 989 1126 1076 ists,-
1140 988 1190 1058 ita
1206 984 1318 1057 edidit
1331 990 1370 1057 C.
1391 984 1560 1056 Mtrllerus

241 1113 278 1183 in
293 1116 546 1185 Ht'storicorum
557 1138 752 1212 grecorum
765 1111 990 1211 fragmentis,
1010 1126 1038 1182 t.
1054 1115 1100 1199 ll,
1120 1135 1201 1207 quae
1212 1109 1320 1205 liujus
1333 1107 1560 1179 Bibliotheca

240 1259 325 1332 pars
341 1252 439 1325 sunt,
461 1252 502 1308 ut
521 1236 612 1308 nihil
636 1237 710 1308 sere
739 1235 818 1307 aliis
835 1235 1014 1331 agendum
1036 1234 1244 1331 reliquerit,
1268 1233 1464 1329 praesertim
1477 1245 1561 1328 post

239 1382 283 1430 ea
310 1384 392 1457 qun
418 1360 598 1458 supplevit
629 1366 813 1451 Bournot,
849 1358 1078 1456 Philologus,
1107 1372 1134 1428 t.
1161 1361 1227 1445 Ν,
1257 1358 1293 1428 in
1321 1355 1379 1426 his
1407 1354 1557 1439 felicior,

240 1506 319 1554 mea
338 1483 485 1580 quidem
509 1485 697 1573 sententia,
716 1507 826 1579 quam
847 1483 883 1551 in
908 1482 950 1552 iis
972 1480 1019 1552 de
1045 1479 1177 1577 quibus
1190 1479 1285 1551 idem
1311 1478 1506 1576 disputavit
1523 1482 1558 1547 in

238 1602 485 1677 dissertatione
517 1606 717 1702 inscripta:
748 1605 935 1674 Platonica
963 1603 1163 1673 Aristotelis
1189 1600 1380 1699 opusculo,
1406 1598 1557 1684 Puthus,
1588 1640 1593 1650 ·

244 1726 346 1800 1853.

288 1855 383 1940 Haec,
397 1853 426 1921 si
436 1853 589 1948 excipias
601 1851 735 1921 leviora
752 1849 925 1920 nonnulla
941 1864 977 1920 et
990 1849 1028 1919 in
1038 1863 1244 1918 transcursu
1260 1849 1363 1944 quasi
1375 1846 1485 1932 dicta,
1503 1846 1559 1916 vel

239 1996 320 2069 que
343 1973 485 2045 silentio
512 1974 694 2071 praeterire
718 1988 885 2070 praestat,
909 1972 1014 2044 sicuti
1041 1996 1159 2068 quaea
1182 1971 1292 2041 Titzio
1321 1969 1560 2042 infelicissime

238 2096 415 2168 somniate
436 2111 522 2168 sunt
546 2096 582 2166 in
610 2094 732 2166 libello
757 2101 841 2165 :De
861 2096 1065 2166 Aristotelis
1086 2120 1230 2190 operuere
1255 2097 1346 2163 serie
1360 2109 1397 2164 et
1411 2092 1559 2163 distinc-

239 2222 348 2308 tione,
368 2221 504 2318 Lipsiae,
526 2220 631 2310 1826,
646 2222 769 2292 omnia
788 2221 862 2293 sere
880 2236 966 2292 sunt
981 2246 1062 2317 quae
1080 2220 1125 2291 de
1147 2218 1344 2291 Aristotelis
1364 2216 1560 2316 deperditis

239 2341 339 2413 libris
355 2368 375 2413 a
390 2342 475 2414 viris
491 2332 609 2415 doctis
620 2342 805 2441 disputata
823 2357 941 2433 erant,
961 2358 1156 2439 antequam
1176 2344 1271 2414 Rosii
1285 2343 1450 2414 collectio
1464 2340 1559 2411 edita

238 2481 341 2538 esset.
364 2471 506 2564 Deque
523 2466 612 2564 quid
634 2468 787 2540 sentiam
808 2468 879 2538 alio
898 2468 980 2539 loco
997 2465 1191 2563 significavi
1214 2482 1323 2564 atque
1345 2469 1381 2537 in
1403 2466 1471 2537 hac
1485 2468 1560 2564 ipsa

238 2588 394 2662 editione
418 2591 547 2689 saepius
572 2589 700 2662 dicam.
727 2592 801 2661 Etsi
826 2605 944 2662 cetera
978 2592 1099 2662 onmia
1139 2591 1367 2678 satisfaciant,
1396 2588 1559 2660 doctrina

238 2737 392 2802 summa,
419 2713 604 2811 multiplex
628 2714 749 2803 lectio,
777 2736 930 2785 acumen
954 2714 1099 2810 ingenii,
1114 2738 1187 2783 non
1206 2711 1303 2783 solus
1319 2712 1399 2781 sunt
1415 2711 1478 2807 qui
1497 2709 1560 2781 do·

238 2835 331 2911 leam
353 2836 461 2908 talem
481 2835 577 2907 hunc
603 2841 735 2927 virum,
761 2839 889 2935 saepius
907 2837 1084 2908 notissimi
1114 2836 1208 2907 illius
1237 2833 1337 2932 quod
1360 2859 1381 2905 a
1406 2833 1559 2904 Pindaro

237 2956 374 3029 dictum
390 2975 469 3031 est:
491 2963 543 3039 Μὴ
569 2967 631 3049 ὅλῳ
654 2973 698 3052 τῷ
716 2965 835 3051 θυλάκῳ
860 2961 1107 3031 immemorem
1134 2960 1262 3045 luisse,
1297 2957 1410 3040 multo
1438 2972 1560 3028 autem

239 3082 350 3176 magis
367 3080 437 3153 hac
450 3083 623 3179 opinione
636 3084 704 3155 sibi
717 3098 875 3156 mentem
890 3082 1074 3172 imbuisse,
1086 3103 1196 3179 quarn
1214 3106 1340 3153 vereor
1356 3096 1397 3151 ut
1415 3080 1560 3152 cuidam

238 3206 468 3302 persuaserit,
482 3205 565 3278 licet
595 3230 675 3278 cam
700 3207 776 3301 jam
804 3221 910 3279 antea
937 3207 973 3276 in
1004 3204 1098 3277 libro
1111 3204 1156 3275 de
1170 3204 1367 3278 Aristotelis
1396 3203 1560 3275 librorum
1596 3205 1599 3210 '

237 3325 362 3398 ordine
385 3342 420 3399 et
443 3330 666 3418 auctoritate,
691 3328 822 3420 Berol.,
848 3328 951 3418 1854,
972 3352 1112 3399 summa
1132 3329 1328 3425 pervicacia
1346 3326 1557 3416 defenderit,

241 3449 377 3522 scilicet
389 3474 616 3548 quecunque
630 3449 699 3522 sub
721 3452 917 3523 Aristotelis
929 3453 1076 3523 nomine
1096 3466 1234 3522 servata
1253 3451 1330 3523 sint'
1342 3450 1557 3547 fragmenta,

239 3594 282 3641 ea
303 3571 350 3642 ad
374 3596 486 3643 unum
505 3575 627 3644 omnia
650 3573 799 3645 falsariis
814 3575 941 3645 nescio,
958 3572 1092 3671 quibus
1118 3572 1253 3646 deberi.
1275 3578 1357 3661 Quo
1378 3572 1451 3644 lere
1468 3587 1560 3643 tem·

238 3717 328 3788 pore
346 3692 443 3765 edita
461 3709 515 3765 est
544 3696 638 3766 Rosii
659 3695 839 3785 collectio,
857 3675 1096 3792 guaestionem
1122 3695 1168 3766 de
1196 3695 1393 3766 Aristotelis
1413 3694 1562 3787 dialogis

238 3814 377 3909 egregie
394 3812 584 3885 illustravit
598 3820 630 3885 J.
648 3821 814 3913 Bernays,
831 3816 889 3887 die
912 3821 1061 3914 Dr'ulnge
1076 3818 1138 3889 des
1155 3819 1375 3899 Aristoteles,
1393 3822 1430 3887 in
1450 3819 1561 3887 idrem
1673 3825 1680 3839 ‘

241 3936 534 4008 {seruitutem
557 3941 678 4007 semen
706 3938 852 4037 striges
882 3940 1048 4030 Werlen,
1071 3940 1198 4026 Berlin,
1231 3940 1334 4010 1863.
1359 3941 1473 4034 Hujus
1495 3941 1561 4011 viri

239 4071 417 4153 quantum
428 4057 475 4128 sit
488 4082 639 4129 aeunten
650 4060 687 4130 in
700 4059 899 4131 enodandis
912 4060 1131 4132 difficillimis
1140 4059 1409 4157 questionibus,
1425 4078 1561 4157 quanta

240 4180 388 4253 felicitas
400 4181 437 4252 in
456 4180 666 4278 indagandis
682 4197 719 4255 et
737 4183 1015 4282 pervestigandis
1029 4183 1298 4282 deperditorum
1314 4184 1489 4257 librorum
1503 4213 1560 4259 re·

239 4304 373 4401 liquis,
388 4329 461 4377 non
475 4329 569 4402 opus
578 4322 631 4377 est
641 4322 681 4378 ut
693 4306 856 4404 pluribus
867 4332 1062 4405 persequar
1070 4311 1224 4406 satisque
1233 4310 1429 4381 ostendunt
1442 4325 1561 4383 cetera

239 4452 319 4525 quae
336 4428 382 4500 de
400 4430 587 4502 Aristotele
600 4433 811 4529 conscripsit
826 4435 900 4502 sive
915 4435 950 4502 in
970 4432 1098 4504 ntem.
1123 4440 1279 4504 illuseum
1293 4461 1331 4507 a.
1347 4440 1404 4521 lt,
1421 4450 1447 4505 t.
1468 4439 1558 4525 Vlll,

239 4574 277 4646 p.
307 4548 372 4620 561
398 4576 407 4619 ε
431 4556 649 4651 Ergctnzung
668 4579 710 4624 su
727 4555 943 4624 Aristoteles
963 4555 1103 4643 Poetil,
1134 4557 1207 4626 sive
1226 4557 1262 4626 in
1280 4556 1527 4628 dissertatione
1548 4585 1556 4623 ε
1651 4563 1654 4568 “

241 4671 452 4772 Grundzdge
463 4676 527 4743 der
538 4676 745 4747 verloreaen
754 4678 992 4775 Adhandlmrg
1003 4676 1065 4748 des·
1079 4680 1280 4750 Aristoteles
1288 4680 1374 4750 tiber
1385 4681 1562 4779 Wirlung

237 4795 302 4867 cler·
319 4798 501 4896 Truffidia
526 4799 681 4892 Breslau,
703 4801 806 4899 1857.

286 4918 360 4993 Sed
375 4919 513 4993 dealiis
532 4925 618 4994 satis
631 4924 706 5019 jam
730 4924 926 4997 dictasunt
949 4953 956 4994 :
980 4951 1076 4998 nunc
1091 4951 1285 5023 quamnam
1308 4928 1374 5025 ipsi
1394 4928 1430 4997 in
1452 4926 1559 4998 eden·
