3959 5900
755 476 1012 539 RESPUDHCAE.

93 614 229 687 musicis,
252 613 377 674 scenicis
393 612 545 682 vicerant,
563 610 603 670 in'
614 609 776 670 enodandis
795 630 866 690 pro-

92 701 205 763 verbiis
217 702 344 781 aliisque
358 698 563 779 hujuscemodi
579 697 791 778 questionibus
804 718 869 758 rer·

92 803 237 864 urentur,
251 788 399 850 communi
426 788 553 867 quodam
577 786 713 858 nomine,
737 787 869 848 historici

91 880 191 939 vocari
204 891 350 957 poterunt.
837 874 840 881 ’

133 969 166 1027 ln
176 968 232 1027 hoc
237 987 310 1026 vero
322 964 427 1043 genere
434 959 616 1043 scriptionis’,
629 965 661 1023 in
674 962 753 1043 quod
764 979 871 1044 praeter

92 1055 326 1135 Theophrastum
350 1055 537 1130 insequentes
560 1050 761 1132 Peripateticae
781 1052 870 1113 disci·

91 1143 180 1221 plinae
203 1156 360 1203 sectatores
374 1142 451 1200 miro
464 1139 598 1220 quodam¹
608 1139 725 1213 ardore,
740 1141 795 1201 etsi
810 1160 869 1201 non

92 1232 162 1293 satis
174 1233 291 1293 sincero
305 1249 421 1311 semper
429 1228 546 1307 judicio
560 1228 769 1301 incubuerunt,
781 1228 871 1289 Hera·

92 1319 184 1378 elides
199 1318 357 1389 Ponticus,
369 1315 571 1389 Dicaearchus,
582 1317 791 1389 Aristoxenus,
803 1316 872 1376 ilie-

93 1426 253 1484 ronymus,
269 1405 449 1478 Clearchus,
463 1404 606 1482 Satyrus,
621 1403 817 1483 hermippus,
832 1405 872 1464 fa-

93 1496 152 1554 cile
184 1494 348 1576 principem
378 1493 468 1552 fuisse
501 1492 687 1553 Aristotelem
719 1512 870 1569 agnoscas.

91 1585 210 1663 Quippe
217 1595 259 1641 tot
267 1594 296 1641 et
310 1594 389 1641 tanta
399 1582 464 1659 ejus
477 1594 546 1641 sunt
556 1581 588 1641 iu
598 1581 654 1641 bac
667 1600 700 1641 re
716 1581 831 1655 merita,
840 1597 872 1641 ut

92 1671 191 1730 omnis
198 1669 464 1729 Alexandrinorum
471 1668 635 1748 philologia
641 1667 679 1728 ad
689 1668 772 1729 illum
786 1671 871 1747 quasi

92 1774 240 1821 auctorem
259 1758 475 1837 quodammodo
492 1757 644 1817 referenda
660 1758 713 1830 sit,
723 1758 869 1836 siquidem

91 1849 192 1909 nullus
210 1847 287 1906 alius
301 1846 357 1906 fuit
370 1845 448 1926 apud
462 1864 549 1924 quem
565 1845 790 1924 locupletiorem
807 1866 872 1922 gra-

92 1936 282 1996 vissimarum
297 1932 538 1993 observationum
549 1951 671 1992 messem
681 1935 871 2008 invenerunt,

92 2025 264 2104 quicunque
284 2021 354 2081 inde
374 2019 412 2080 ab
428 2020 617 2080 Eratosthene
639 2034 668 2079 et
694 2021 872 2082 Callimacho

91 2113 128 2171 ad
146 2112 306 2190 Didymum
325 2128 419 2188 usque
442 2112 474 2168 in
494 2109 677 2188 exploranda
699 2110 872 2189 antiquitate

91 2201 202 2261 versati
211 2197 376 2269 suntQuod
384 2198 515 2257 etmulto
523 2197 873 2278 manifestiusappareret,

92 2294 116 2348 si
132 2290 181 2368 vel
200 2289 296 2367 ipsius
317 2286 482 2347 Aristotelis
505 2286 591 2345 talem
615 2284 723 2344 librum
738 2287 872 2365 posside-

91 2397 209 2448 remus,
226 2395 292 2454 quae
317 2375 397 2433 enim
423 2374 486 2433 sola
513 2371 562 2433 hic
587 2373 732 2433 nominari
765 2378 873 2453 poterit

92 2463 229 2523 collectio
245 2461 425 2521 Mirabilium
441 2461 694 2522 Auscultationum
705 2475 872 2540 apertenon

93 2556 135 2611 ita
153 2552 278 2610 multum
293 2563 361 2629 post
373 2551 558 2610 Aristotelem
571 2550 714 2628 exipsius
731 2550 871 2609 aliorum·

93 2660 152 2720 que
171 2640 259 2698 libris
273 2639 429 2717 compilata
442 2651 502 2711 est,
517 2639 564 2697 ael
576 2640 602 2697 si
616 2638 732 2714 integro
746 2638 871 2716 quodam

93 2725 217 2805 Didymi
231 2728 443 2785 commentario
458 2738 617 2785 uteremur.
630 2725 714 2783 Nunc
728 2743 874 2805 veroque

91 2836 129 2875 ex
157 2816 241 2874 hisce
261 2813 350 2873 libris
386 2813 552 2873 Aristotelis
574 2815 782 2887 innotuerunt,
807 2815 882 2876 licet

93 2905 189 2964 multa
198 2903 258 2963 sint
268 2903 449 2982 maximique
459 2902 607 2976 facienda,
619 2903 705 2979 longe
717 2903 872 2964 anaximam

91 3005 207 3072 partem
222 2992 368 3070 excerptis
391 2990 535 3076 debentur
549 3012 615 3069 quae
629 3011 646 3049 a
660 2993 874 3070 posterioribus

92 3101 129 3139 ex
144 3079 410 3139 Alexandrinorum
430 3092 459 3138 et
472 3081 621 3159 praecipue
645 3080 764 3157 Didymi
781 3083 875 3158 copiis

94 3169 170 3247 facta
191 3179 268 3228 sunt.
285 3168 377 3237 Quam
394 3167 497 3246 iniqua
513 3169 604 3244 igitur
615 3169 647 3228 in
661 3170 708 3229 his
722 3172 761 3228 sit
774 3186 874 3231 nostra

93 3256 226 3315 conditio
242 3256 327 3315 facile
347 3256 500 3335 perspicis.
514 3257 579 3317 Non
590 3258 667 3317 enim
685 3259 769 3317 aliter
783 3279 872 3320 seres

93 3343 198 3416 babet,
221 3345 294 3402 acsi
319 3344 471 3422 deperdito
486 3346 715 3423 praeclarissimo
731 3366 820 3426 opere
834 3347 872 3407 de

93 3430 276 3490 Animalium
291 3430 442 3503 historiis,
467 3431 504 3490 de
526 3452 561 3490 eo
586 3454 623 3490 ex
640 3433 713 3493 solis
729 3437 874 3514 excerptis

95 3538 162 3594 quae
186 3518 294 3596 passim
314 3519 391 3595 apud
414 3518 582 3579 Athenaeum
609 3521 742 3598 aliosque
762 3538 874 3582 seruata

93 3621 176 3677 sunt,
185 3606 376 3682 judicandum
388 3618 473 3668 esset.

138 3696 183 3751 De
199 3693 293 3752 titulis
312 3693 477 3767 nonnullis,
494 3694 530 3752 ad
551 3696 660 3772 scripta
672 3694 806 3755 historici
829 3719 873 3758 ar·

94 3784 229 3860 gurnenti
247 3780 419 3852 referendis,
439 3781 472 3839 in
485 3781 557 3840 solis
569 3800 640 3839 vero
655 3781 803 3841 indicibus
815 3803 874 3843 me·

94 3869 221 3930 moratis
235 3869 316 3928 infra
327 3867 511 3942 ridebimus,
534 3869 571 3927 de
584 3868 676 3945 Peplo
697 3870 749 3948 qui
766 3869 877 3932 dicitur

96 3958 266 4018 Aristotelis
282 3957 469 4036 disputaturi.
485 3956 571 4017 Nunc
592 3969 686 4015 autem
711 3977 803 4036 pauca
823 3960 872 4018 ad·

95 4048 193 4106 denda
218 4059 302 4104 erunt
325 4045 361 4104 de
381 4045 523 4122 singulari
546 4045 626 4104 libro
650 4044 798 4125 Παροιμίαι
823 4048 869 4106 in-

97 4141 210 4218 scripto
224 4139 324 4216 (Diog.
337 4137 370 4198 L.
389 4140 443 4196 138
453 4137 474 4218 l
490 4138 588 4197 Talem
604 4135 715 4196 librum
734 4140 771 4197 ab
786 4140 871 4200 Aris·

97 4230 187 4287 totele
225 4247 329 4287 reuera
364 4228 561 4307 conscriptum
599 4228 706 4301 fuisse,
739 4241 772 4287 ut
806 4245 873 4308 post

96 4316 348 4374 Schneidewinum
364 4328 393 4373 et
403 4315 476 4375 alios
487 4316 522 4377 C.
532 4316 674 4375 bliillerus
684 4336 803 4394 quoque
816 4330 876 4378 sta-

97 4406 152 4464 tuit
173 4405 227 4484 (cf.
244 4405 319 4466 Hist.
344 4425 386 4481 gr.
408 4404 525 4481 Fragm.
546 4418 567 4465 t.
583 4403 624 4475 ll,
641 4425 672 4484 p.
692 4406 778 4482 raa),
797 4425 875 4466 eso-

96 4492 158 4552 lius
189 4493 328 4570 Diogenis
355 4491 466 4552 Laertii
496 4495 667 4553 auctoritate
693 4492 745 4552 vix
770 4495 874 4555 confici

97 4599 185 4659 posse
209 4600 307 4660 spero.
330 4579 407 4639 Fieri
428 4581 506 4641 enim
520 4581 617 4660 potuit
637 4594 669 4641 ut
691 4579 807 4640 librarii
828 4601 875 4642 er·

97 4687 165 4727 rore
191 4668 267 4747 apud
287 4689 354 4728 eum
370 4668 470 4729 illatus
492 4670 531 4730 sit
557 4668 606 4728 hic
628 4669 746 4742 titulus,
764 4670 874 4750 quippe

98 4775 190 4832 quum
210 4755 288 4835 apud
314 4756 501 4835 Anonymum
512 4814 515 4819 ,
528 4756 590 4815 haec
603 4757 738 4832 legantur
752 4773 761 4814 ε
782 4759 874 4816 Διονυ-

99 4843 390 4902 «insusurrabant
408 4845 524 4916 ληναίιον
543 4841 689 4924 προοιμίων
704 4840 741 4903 u'.
767 4845 874 4923 Aperte

98 4927 162 4987 haec
186 4944 324 5009 corrupta
337 4944 414 4992 sunt.
436 4930 540 4992 Nescio
561 4945 657 4991 tamen
676 4950 713 4989 an
734 4930 775 4989 ita
789 4931 873 4991 refin-

97 5018 192 5091 genda
205 5020 272 5091 sint,
288 5033 319 5078 ut
332 5022 488 5100 Παροιμιῶν
503 5021 528 5079 α’
543 5040 580 5080 ex
595 5020 707 5080 ultimis
717 5019 871 5096 efficiatur.

98 5108 201 5185 Neque
216 5108 308 5184 magis
319 5123 391 5184 puto
403 5108 440 5167 de
458 5109 509 5168 tali
527 5106 606 5166 libro
625 5106 793 5185 accipienda
810 5125 873 5167 esse

96 5193 190 5253 rerba
215 5195 407 5274 Cephisodori
433 5196 511 5274 apud
533 5195 703 5255 Athenarum
729 5195 807 5273 Epit.
830 5193 872 5269 ll,

96 5300 127 5357 p.
144 5282 194 5353 60,
208 5282 235 5339 D
252 5304 260 5338 ι
275 5278 341 5343 Ὀτι
365 5279 553 5363 Κηφισόδωρος
571 5286 585 5341 ὁ
599 5280 766 5360 Ἰσοκράτους
783 5285 869 5358 μεθη-

1641 482 1701 544 ata

926 608 974 682 τλς
999 610 1027 668 fa
1046 610 1102 676 τοῖς
1121 608 1191 669 κατὰ
1216 608 1409 691 Ἀριστοτέλους
1416 655 1426 687 ,
1452 609 1570 692 τέσσαρα
1598 612 1621 671 δ’
1647 614 1702 673 ἐστὶ

923 701 1022 774 ταῦτα,
1034 697 1145 777 factam}
1157 697 1195 774 τῷ
1210 696 1354 777 ριλοοόριρ,
1370 700 1406 763 ὡς
1419 698 1448 759 οὗ
1463 698 1604 771 ποιήσαντι
1621 700 1701 780 λόγου

923 782 1184 864 ἅξιονεὸπαροιμλας
1194 786 1327 864 ἀθροῖσαι,
1337 784 1501 864 Ἀντιφάνους
1511 787 1704 860 dioscoriana-

922 895 966 942 τοι
984 874 1075 953 δρᾶμα
1094 872 1124 933 τὸ
1144 872 1351 954 ἐπιγραφόμενον
1367 874 1525 955 Παροιμίαι.
1539 881 1607 936 llaec
1621 880 1700 939 enim

923 962 1087 1042 pertinere,
1107 962 1208 1041 potius
1222 961 1259 1020 ad
1274 981 1384 1021 morem
1393 962 1425 1021 in
1437 962 1562 1041 dialogis
1577 964 1614 1023 ab
1624 968 1704 1028 Aris

926 1049 1014 1109 totele
1026 1047 1230 1122 chamutum,
1247 1048 1352 1109 crebro
1371 1051 1530 1129 proverbia
1544 1053 1702 1125 afferendi,

924 1155 1016 1216 supra
1026 1136 1087 1214 jam
1110 1137 1240 1197 diximus
1263 1149 1292 1195 et
1316 1142 1347 1197 in
1371 1138 1449 1198 libro
1473 1144 1526 1198 Die
1540 1146 1705 1199 uerlorcncrr

926 1224 1070 1299 Selam'jtcn
1085 1229 1136 1283 des
1150 1230 1321 1300 Aristoteles,
1336 1247 1365 1306 p.
1387 1230 1442 1286 163
1457 1248 1502 1306 sq.

967 1312 1055 1383 Quod
1078 1325 1173 1372 tamen
1196 1327 1225 1372 ct
1247 1314 1274 1373 si
1295 1314 1332 1373 de
1350 1316 1398 1374 his
1414 1316 1500 1378 aliter
1520 1317 1702 1377 statuendum

931 1402 1019 1472 foret,
1040 1401 1139 1462 nullus
1159 1416 1203 1461 est
1216 1403 1299 1463 locus
1320 1423 1408 1480 quem
1424 1405 1494 1465 satis
1513 1420 1592 1465 certo
1615 1408 1651 1465 ad
1667 1409 1704 1466 li·

927 1488 1015 1549 hrum
1048 1489 1297 1550 proverbiorum
1312 1494 1481 1556 referamus.
1516 1493 1705 1577 Quaecunque

929 1580 1008 1638 enim
1021 1580 1085 1638 sive
1094 1580 1173 1659 apud
1183 1581 1457 1663 Paroemiographos
1467 1585 1531 1644 sive
1542 1585 1620 1664 apud
1632 1586 1705 1644 alios

928 1685 966 1725 ex
980 1667 1136 1728 Aristotele
1155 1667 1312 1729 laudantur
1333 1670 1557 1749 proverbiorum
1577 1674 1705 1752 explica·

931 1756 1038 1828 tiones,
1062 1775 1111 1816 eas
1134 1775 1151 1815 e
1174 1756 1294 1817 Politiis
1309 1759 1414 1838 petitas
1429 1760 1518 1820 fuisse
1538 1762 1600 1820 sire
1620 1763 1706 1821 certis

931 1844 1108 1904 testimoniis
1135 1859 1267 1919 constat,
1297 1847 1361 1906 sive
1391 1848 1586 1928 probabiliter
1613 1854 1704 1929 conji-

928 1933 1017 1994 citur.

1186 2119 1211 2177 l.
1234 2119 1450 2180 lIOAlTElAl.

965 2288 1082 2348 Nullum
1107 2302 1150 2348 est
1165 2289 1297 2369 profecto
1316 2290 1394 2349 inter
1416 2293 1514 2350 omnia
1539 2292 1705 2353 Aristotelis

927 2378 1049 2456 scripta,
1069 2377 1133 2436 sire
1154 2378 1307 2457 deperdita
1328 2382 1391 2459 sive
1409 2380 1495 2439 etiam
1517 2395 1648 2456 servata,
1670 2404 1706 2442 ne

927 2465 1065 2524 historiis
1082 2465 1199 2544 quidem
1222 2465 1399 2526 Animalium
1420 2469 1560 2547 exceptis,
1587 2490 1624 2529 ex
1646 2492 1705 2550 quo

926 2552 1012 2630 plura
1026 2552 1158 2613 hausisse
1178 2568 1206 2613 et
1229 2554 1261 2613 in
1275 2575 1345 2615 suos
1370 2575 1442 2615 usus
1461 2557 1643 2618 transtulisse
1658 2562 1706 2619 vi-

929 2641 1052 2701 deantur
1082 2661 1148 2701 cum
1177 2642 1441 2722 Peripateticorum
1466 2647 1616 2725 plerique,
1646 2662 1705 2706 tum

928 2730 1134 2789 Alexandrinae
1163 2731 1254 2789 aetatis
1283 2732 1466 2808 grammatici
1491 2745 1519 2790 et
1542 2734 1702 2811 philologi,

928 2838 1015 2896 quam
1037 2817 1210 2876 Politiarum
1228 2838 1314 2896 opus.
1326 2817 1418 2886 ,Quod
1434 2818 1474 2876 ita
1486 2818 1574 2878 fuisse
1588 2824 1705 2898 egregie

932 2906 1110 2965 demonstrat
1119 2905 1222 2983 ingens
1234 2906 1320 2984 plane
1331 2906 1557 2983 fragmentorum
1571 2908 1640 2968 inde
1652 2930 1706 2989 pe·

929 2996 1048 3053 titorum
1058 3013 1208 3053 numerus.
1221 2993 1280 3065 Qui
1293 3014 1366 3054 uero
1378 2995 1469 3054 multo
1480 2997 1566 3055 etiam
1579 3000 1706 3077 amplior

929 3081 1022 3151 lieret,
1035 3082 1061 3140 si
1075 3081 1126 3140 illa
1137 3100 1254 3160 quoque
1269 3081 1376 3142 addere
1388 3084 1500 3157 liceret,
1516 3106 1591 3168 quae,
1606 3108 1705 3147 recon·

928 3168 1046 3229 ditioris
1057 3189 1157 3247 grecae
1171 3170 1354 3249 antiquitatis
1364 3173 1497 3232 notitiam
1513 3176 1705 3250 continentia,

929 3257 967 3317 ab
977 3259 1135 3318 Aristotele
1147 3258 1276 3338 primum
1287 3260 1318 3319 in
1333 3279 1399 3320 suas
1409 3261 1597 3322 collectiones
1607 3265 1705 3334 relata,

929 3345 1037 3406 deinde
1051 3348 1160 3407 omisso
1181 3345 1245 3425 ejus
1260 3348 1379 3408 nomine
1394 3348 1429 3407 ad
1449 3350 1621 3409 recentioris
1641 3366 1706 3409 aeta·

930 3435 967 3495 tis
981 3436 1140 3514 scriptores
1153 3435 1363 3513 migraverunt.

969 3523 1032 3582 Etsi
1057 3542 1128 3581 vero
1154 3523 1279 3599 singulae
1301 3523 1417 3583 Potiriae
1462 3525 1550 3584 assim
1574 3527 1705 3585 amultis

928 3610 1097 3682 laudantur,
1122 3608 1158 3668 de
1181 3610 1314 3669 universi
1340 3625 1434 3670 tamen
1458 3613 1557 3691 operis
1576 3613 1704 3686 ratione,

929 3717 1030 3777 scopo,
1049 3696 1172 3768 ambitu,
1188 3697 1380 3757 exornatione
1400 3719 1460 3758 non
1480 3700 1520 3758 ita
1534 3701 1624 3759 multa
1639 3717 1705 3760 sunt

929 3806 993 3863 quau
1008 3787 1183 3864 accepimns,
1199 3786 1290 3843 immo
1311 3786 1496 3863 paucissima,
1522 3788 1547 3846 si
1569 3809 1704 3865 quaecun-

929 3894 987 3952 que
998 3873 1075 3953 apud
1091 3873 1249 3952 plerosque
1263 3873 1315 3950 qui
1332 3873 1368 3932 de
1381 3873 1499 3933 Politiis
1517 3876 1606 3934 locuti
1625 3892 1703 3950 sunt,

931 3961 1093 4019 fabularum
1119 3960 1151 4018 in
1174 3958 1291 4018 modum
1312 3959 1453 4018 adornata
1472 3975 1500 4019 et
1522 3977 1620 4041 aperte
1641 3965 1706 4023 licta
1793 3948 1801 3968 ’

929 4063 959 4107 et
979 4050 1120 4130 ementita
1135 4061 1292 4109 narrantur
1305 4048 1394 4107 missa
1414 4049 1574 4109 fecerimus.
1594 4051 1639 4110 Ad
1651 4054 1706 4112 hoc

931 4150 1027 4196 autem
1053 4157 1145 4215 genus
1169 4136 1275 4206 multa,
1304 4155 1341 4195 ne
1369 4136 1463 4196 dicam
1491 4142 1703 4218 pensaunium,

929 4247 1030 4284 eorum
1045 4228 1191 4306 pertinent
1213 4244 1278 4303 quae
1299 4225 1410 4284 sivein
1427 4227 1507 4288 Vitis
1523 4228 1703 4308 philosophi,

929 4315 993 4374 sive
1005 4313 1042 4373 ab
1055 4314 1185 4394 antiquis
1201 4314 1265 4391 ejus
1276 4312 1486 4393 interpretibus
1505 4315 1610 4375 tradita
1626 4331 1703 4392 sunt,

929 4407 1041 4484 quippe
1054 4402 1132 4484 apud
1152 4423 1238 4482 quos,
1255 4422 1321 4462 cum
1337 4403 1416 4462 veris
1437 4402 1612 4481 quibusdam
1626 4425 1705 4465 mera

928 4493 1044 4552 somnia
1067 4506 1095 4551 et
1115 4511 1200 4569 nugae
1225 4491 1398 4571 plerumque
1421 4492 1618 4570 reperiuntur.
1642 4494 1704 4554 lloc

929 4578 1002 4656 quin
1021 4598 1122 4637 verum
1134 4577 1173 4637 sit
1183 4598 1269 4636 nemo
1279 4575 1427 4636 dubitabit
1440 4578 1491 4657 qui
1499 4578 1602 4654 legerit
1614 4579 1704 4640 verba

930 4665 1092 4745 Porphyrii
1106 4666 1157 4741 qui
1167 4665 1287 4738 dicitur,
1307 4665 1338 4724 in
1348 4664 1513 4742 Prolegom.
1528 4665 1565 4724 ad
1576 4666 1705 4746 philoso-

928 4755 1047 4833 phiam,
1075 4753 1107 4813 in
1122 4753 1220 4814 Sebol.
1245 4754 1291 4813 ed.
1317 4754 1453 4816 Brandis.
1475 4774 1504 4833 p.
1530 4775 1561 4831 9,
1579 4756 1613 4831 B,
1632 4760 1669 4816 26
1694 4781 1700 4816 ε

928 4842 1116 4924 Γεγραρμέναι
1141 4841 1168 4901 δὲ
1190 4843 1263 4923 αὐτῷ
1286 4842 1337 4902 alal
1361 4841 1407 4901 καλ
1422 4842 1558 4903 Πολιτεῖαι
1573 4845 1703 4906 διακόσιαι

929 4931 1095 5004 πεντήκοντα
1117 4930 1161 4990 τὸν
1187 4929 1315 5012 ἀριθμόν,
1343 4930 1374 4998 ἃς
1401 4931 1581 5014 quampridem
1605 4935 1634 4993 fx
1658 4939 1703 4991 τοῦ

926 5018 1027 5091 πολλὴν
1051 5022 1100 5097 γῆν
1120 5018 1264 5099 περιελθεῖν
1290 5016 1337 5078 σὺν
1352 5015 1509 5100 Ἀλεξάνδρῳ
1522 5022 1561 5100 τῷ
1584 5023 1702 5098 βασιλεῖ,

927 5125 993 5183 quae
1008 5105 1043 5164 ad
1058 5104 1180 5164 verbum
1204 5103 1292 5164 habet
1308 5107 1477 5182 Anonymus
1491 5105 1608 5182 Proleg.
1622 5106 1699 5168 Phil.

926 5193 958 5251 in
970 5193 1100 5253 Crameri
1112 5191 1221 5254 Aneed.
1237 5190 1331 5253 Paris.
1346 5204 1367 5251 t.
1392 5192 1439 5267 1v,
1465 5213 1494 5272 p.
1514 5194 1585 5264 225,
1599 5195 1629 5271 6,
1642 5194 1700 5253 nisi

927 5265 1006 5360 qdod
1025 5283 1224 5363 σομπιριελθιῖν
1240 5279 1402 5363 Ἀλεξάνδρῳ
1414 5281 1541 5360 scripsit.
1566 5280 1625 5340 Nec
1645 5284 1700 5340 mi·
