3959 5900
753 488 976 551 ulvtslortES.
1614 500 1673 561 titt)

110 614 196 678 Lvlt.
209 615 284 677 cod.
305 616 394 676 Mam.
409 619 473 686 43.
492 623 554 678 Διαι
556 622 671 697 ρεῐταιὴ
689 617 846 687 κάλασιςιίς
903 625 955 702 ροῖς
985 621 1093 700 ἀτυχεῖν
1119 624 1284 701 ὑστερεῖσθαι
1316 625 1371 683 ἔστί
1395 624 1441 683 καί
1471 629 1607 707 προτιριῖν
1632 629 1678 687 καί

75 707 196 784 τέσσαρα·
188 701 308 763 ’ἀστι
279 726 331 785 γαρ
351 707 432 777 αὐτῆς
446 706 474 764 is
488 705 536 783 μὲν
551 706 613 765 ἀναί
614 729 697 788 ρ,τσις
712 706 741 766 ίν
760 705 787 766 δί
808 710 845 776 είς
901 733 948 769 του
931 708 1149 790 “διαμαρτάνειν
1164 709 1210 769 καί
1223 716 1270 770 τοὺ
1287 717 1379 790 καιροῦ
1400 711 1534 821 γινόμενρν
1556 713 1677 793 [καί”
1632 739 1677 773 του

71 792 192 901 ἀργυρίου
205 792 299 872 λόγον,
319 793 346 853 tv
365 793 443 860 δίτίς
456 796 693 907 πρρπηλακισμόν,
716 795 743 855 tv
759 794 789 855 88
808 799 844 864 τίς
901 799 1016 874 διαμ....
1038 796 1175 877 γινομένου
1196 799 1305 876 corrig.
1320 799 1468 879 videtur]‚
1488 800 1518 859 τδ
1538 801 1565 861 88
1580 804 1606 861 ἀν
1626 805 1679 869 τοῖς

71 880 185 939 κάκωσιν
205 879 335 958 σώματος.
355 872 507 959 Ἡμίν
475 906 521 943 ουν
545 882 678 963 ἀναίρεσίς
697 875 842 944 terrenior
899 883 1081 963 συμπτώμασι
1097 894 1152 952 τοῖς
1172 887 1225 946 ἀπο
1211 884 1404 965 ταύτομάτου
1417 887 1560 966 γινομίνοις
1580 882 1633 949 οἷον
1652 894 1679 949 αἱ

71 968 166 1026 ἀπὶ
123 990 177 1035 τοις
186 967 339 1041 ἀνηκίποις
352 967 545 1047 ἁμαρτήμασιν
566 970 614 1030 ὅπα
649 970 765 1050 τιμωρία
786 972 842 1031 ὀνο-
899 972 1001 1050 πληγαί
1016 974 1042 1032 αί
1049 970 1177 1052 ἀξαίρνης
1190 971 1276 1033 καλαί
1289 973 1466 1054 βλάὺοιιαίίξ
1482 977 1678 1057 ἀπροσδοκήτου

71 1057 189 1203 μόάζεται·
203 1059 230 1115 ul
252 1056 280 1116 88
294 1059 330 1125 τίς
345 1056 473 1135 ἀργυρίου
495 1059 582 1136 λόγον,
601 994 683 1119 σίου
675 1062 703 1119 ιιί
724 1060 825 1120 ὑπδ
789 1084 841 1120 τιον
898 1058 1123 1140 προσπίπτουσαι.

69 1142 152 1221 νόμιον
175 1144 268 1222 ζημίαι
282 1145 447 1215 κολάζουσιν·
470 1149 499 1204 αἱ
521 1147 549 1205 ti
572 1148 608 1215 τίς
621 1149 843 1228 προπηλακισμοῦ
939 1148 1001 1208 Lx.
1017 1149 1089 1209 Cod
1103 1149 1192 1211 Marc.
1212 1159 1281 1224 87·
1297 1155 1444 1232 Διαιρεῖται
1459 1150 1492 1211 τά
1506 1150 1561 1212 ίδια
1576 1153 1622 1213 καί
1644 1155 1679 1216 rt

69 1231 157 1341 λέγον,
171 1223 225 1292 ῠίθν
247 1235 275 1292 αί
289 1232 394 1310 &vitasti
411 1235 484 1293 αίίν
508 1244 566 1302 ταῖς
578 1235 671 1295 πόλεσι
684 1234 840 1315 γινόμεναι,
899 1243 992 1307 κοινῶς
1012 1236 1098 1317 ἀγαθά
1113 1242 1149 1306 είς
1168 1238 1256 1299 πίντι·
1249 1237 1389 1319 ·ίστιγάρ
1405 1240 1492 1299 αὐτῶν
1510 1238 1546 1300 rt
1562 1239 1610 1317 μίν
1624 1240 1679 1301 tto

70 1343 119 1379 οιον
133 1319 229 1398 ἀτιμον
244 1311 312 1381 εἶναι
331 1321 359 1389 δς
382 1321 414 1382 ἀν
438 1323 538 1382 ἀσπίδα
559 1322 640 1430 8881„
642 1322 661 1395 ἢ
682 1345 841 1402 παρακατα·
897 1329 971 1397 θεῶ,
994 1323 1028 1384 τὰ
1048 1324 1076 1383 δί
1094 1325 1148 1383 tara
1172 1325 1335 1406 ἀνθρώπων,
1358 1326 1392 1386 τά
1412 1327 1441 1386 δί
1457 1326 1531 1386 κοινά
1553 1333 1612 1387 θεοῦ
1634 1330 1679 1387 καί

72 1409 151 1481 θηκην
163 1408 352 1491 ἀποστιριίοη
364 1410 410 1470 καί
423 1412 451 1470 al
471 1408 551 1470 ἀλλαι
563 1414 640 1470 αί
603 1434 657 1471 των
674 1411 761 1490 νόμιον
781 1414 842 1471 ἀτι
899 1412 1064 1494 ἀνθρώπων,
1089 1411 1124 1471 τά
1145 1412 1173 1472 88
1193 1414 1268 1474 κοινὰ
1289 1414 1428 1494 ἀνθρώπου
1448 1416 1494 1473 καί
1514 1417 1567 1473 mv
1590 1416 1678 1476 ἀλλων

71 1496 134 1607 μίρι·
144 1499 173 1556 αί
187 1496 391 1567 δίσίςκιίκωσιν
404 1499 565 1577 σώματος,ο
550 1491 640 1560 οίονοί
654 1504 843 1579 μαστιγοῦνττς
898 1498 972 1582 (oxus
984 1500 1055 1572 πλὴν
1075 1504 1149 1573 θεοῦ,
1164 1499 1198 1559 τά
1216 1501 1297 1560 88'
1257 1525 1364 1563 παντων
1384 1502 1469 1562 κοινά
1484 1500 1555 1563 [δια
1570 1502 1618 1579 μίν
1633 1494 1678 1563 οὑν

69 1607 112 1644 και
102 1584 148 1644 οί
160 1586 339 1664 λοιδοροῦντος
349 1587 395 1647 καί
405 1589 430 1648 οί
442 1592 563 1648 τοιοῦτοι
898 1561 954 1647 ἀάτί
965 1593 1026 1647 brou
1041 1587 1073 1646 τδ
1083 1544 1167 1648 888r8u
1179 1578 1246 1648 εἶναι
1264 1589 1310 1648 καί
1323 1591 1357 1647 τά
1368 1594 1493 1662 τοιαῦτα,
1507 1589 1562 1649 ίδια
1581 1589 1609 1649 88
1625 1596 1674 1650 ἀν-

104 1672 207 1734 ΙΝΙΙΙ.
218 1673 292 1735 eod.
307 1675 398 1737 Marc.
411 1678 471 1747 45ι
484 1675 791 1759 Διαιρεῖταιὴἀμαρτία
805 1679 912 1744 etet
1019 1675 1051 1734 τὸ
1074 1676 1211 1786 σὺμρρρνιι
1234 1677 1321 1757 [fort.
1348 1676 1491 1760 σώφρονα]
1476 1677 1592 1756 Ῑκιιίδ
1578 1679 1676 1739 δίκαιον

69 1760 131 1844 τρία·
141 1763 202 1822 ἔστι
212 1761 307 1843 γάρ
277 1786 358 1836 αυτης
370 1764 459 1842 ίν
411 1764 588 1843 μίνμετάἀδ
591 1764 672 1838 ικίας,
690 1764 718 1823 tr
732 1764 760 1825 88
775 1763 842 1842 μιτά
896 1787 963 1824 εναι
985 1764 1031 1824 καί
1045 1762 1078 1823 τά
1098 1770 1224 1839 τοιαῦτα,
1247 1766 1323 1827 κοινά
1346 1771 1406 1826 trau
1424 1766 1471 1826 καί
1486 1766 1630 1847 ἀνθρώπων
1648 1768 1679 1827 τδ

68 1850 186 1929 ἀγνοίας,
196 1850 341 1929 ίνδάμετά
355 1851 479 1933 ἀτυχίας
490 1854 531 1914 Τὸ
541 1853 590 1930 μίν
600 1843 645 1910 οὖν
659 1852 728 1928 μετὰ
739 1852 842 1920 ἀδικίας
899 1855 1043 1913 σπουδαῖον
1057 1843 1133 1912 εἶναι·
1148 1852 1194 1913 καί
1207 1854 1259 1934 γάρ
1271 1857 1310 1913 τῶ
1326 1859 1377 1914 θεῶ
1397 1857 1510 1935 ὑπάρχει
1523 1856 1618 1915 καίτοι
1634 1860 1679 1915 ἀν·

68 1941 241 2046 ίμαρτοίνιινυ
256 1942 327 2003 ἀστίν
348 1932 439 2001 οἷον
415 1964 446 2000 το
466 1945 502 2010 εἰς
522 1942 578 2001 ortu
601 1941 705 2002 ἀσιδιῖν
723 1941 821 2000 καί
782 1965 842 2009 τους
896 1940 994 2022 θρώπῳ
1006 1932 1229 2023 σπουδαίῳιῖναι,
1241 1942 1345 2003 88ros88
1358 1917 1677 2024 ἀνδρώπουὴίγκράτεια

68 2030 151 2109 pstea<
164 2031 257 2097 κακῶς
275 2033 360 2090 ποιιῖν
376 2031 422 2090 καί
442 2030 475 2088 τὰ
493 2033 520 2088 ἓν
534 2038 592 2096 ταῖς
616 2030 723 2090 πόλεσιν
743 2029 841 2100 aaut·
896 2054 980 2091 κακου
988 2052 1057 2096 τινος
1066 2005 1133 2090 οὖσα
1142 2030 1333 2110 ἀποτριπτική
1344 2055 1382 2113 rip
1362 2033 1444 2091 brou
1453 2030 1481 2090 88
1490 2029 1549 2091 oiri
1558 2033 1678 2110 γινίσίαι

67 2140 142 2192 ματα·
136 2115 228 2176 ·τδδί
242 2115 311 2194 μετά
320 2117 426 2200 ἀγνοίας
436 2117 543 2200 ἃμα
510 2141 595 2178 τανειν
604 2108 657 2177 οἷον
666 2140 842 2199 γραμματικη
896 2117 955 2176 οὔτε
969 2116 1097 2195 ὑπάρχειν
1111 2139 1191 2177 κακον
1206 2116 1470 2196 καλῶςίχειλίγειν,
1484 2120 1530 2178 καί
1544 2118 1677 2179 τάλλατά

66 2204 251 2289 λαριθμητυιη
259 2205 304 2265 καί
313 2230 371 2276 ταις
378 2229 511 2275 τοιαυταις
519 2206 687 2284 ἐπιστήμαις·
698 2206 843 2285 ταὺταγάρ
895 2212 1014 2267 τοιαῦτα
1023 2206 1116 2267 Kors8s
1127 2204 1678 2288 δίάνθρώποινκαίτῶνάλλωνζάιωνπλὴν

66 2296 93 2352 ari
117 2295 188 2373 μιτά
211 2293 367 2362 ἀδικίας’
340 2318 440 2373 γινιται
460 2294 528 2356 ἀλλά
550 2295 617 2373 μετά
627 2293 759 2404 ἀγνοίας
774 2292 842 2371 μετά
895 2298 953 2353 θεοῦ
968 2294 1084 2373 ἀνδρεία·
1098 2292 1165 2365 αὕτη
1178 2292 1229 2372 γὰρ
1242 2291 1360 2354 κινδυνου
1370 2293 1439 2362 τινδς
1452 2295 1498 2353 καί
1510 2294 1593 2375 ροόου
1605 2298 1677 2354 ἀντι·

67 2383 171 2463 ἀτυχίας
189 2381 391 2463 δίᾶμαρτάνειν
411 2386 481 2444 ἐστίν
497 2376 585 2444 οἷονοί
600 2408 645 2445 του
659 2404 759 2444 σκοπου
741 2384 841 2441 “daro-
897 2403 1008 2452 στατικη
1000 2380 1077 2439 ἐστι
1086 2403 1121 2438 κα
1121 2379 1232 2438 ίπάντα
1245 2377 1280 2439 τά
1290 2384 1411 2439 τοιαῦτα·
1431 2380 1539 2440 πάντων
1553 2379 1580 2440 88
1593 2383 1677 2443 κοινὸν

67 2472 243 2550 τυγχάνοντες
261 2470 307 2531 καί
329 2474 411 2532 ol*
376 2496 427 2532 των
443 2475 510 2532 mm
524 2471 569 2531 καί
589 2475 613 2531 oi
628 2469 737 2531 ἀκούσια
752 2469 842 2549 ἆμαρ·
895 2467 925 2527 r8
939 2467 1030 2527 καλάν

66 2557 193 2626 τάνοοτις.
934 2560 1012 2615 LXI.
1045 2555 1116 2614 Cod.
1137 2555 1227 2614 Marc.
1253 2555 1329 2623 48:
1350 2549 1488 2615 'meno
1511 2561 1566 2616 τῶν
1595 2557 1676 2617 ὄντων

102 2647 177 2711 llil.
194 2648 269 2709 cod.
280 2649 370 2710 Marc.
379 2651 432 2720 46.
444 2643 843 2727 Διαιρεῖταιήἀτυχίαιίςτρία·
897 2645 1066 2704 ἀποτελεῖται
1089 2641 1183 2701 8r8‘
1154 2664 1284 2724 τεσσαρας
1299 2641 1393 2710 αἰτίας·
1409 2642 1492 2723 ἣγάρ
1506 2642 1549 2704 tri
1566 2643 1596 2704 τδ
1617 2645 1678 2726 περί

65 2735 117 2796 ίστι
131 2736 238 2817 γάρ’
209 2759 289 2807 αυτης
318 2736 344 2796 ίν
362 2735 410 2814 μίν
431 2740 458 2795 ἐν
482 2741 539 2801 ταῖς
557 2734 698 2812 πράξεσιν,
721 2732 749 2791 ίν
770 2731 798 2791 δί
816 2734 842 2791 ἀν
896 2732 1016 2812 χρηστὴν
1032 2734 1127 2811 [corr.
1140 2731 1257 2790 ardetur
1269 2728 1316 2789 καί
1328 2729 1389 2810 περί
1399 2728 1534 2812 χρηστον]
1548 2730 1677 2812 ὑπάρχειν

65 2846 114 2893 τοις
123 2846 246 2904 καιροις
258 2821 286 2881 ίν
298 2822 326 2881 δί
340 2824 422 2882 iu
381 2847 434 2890 τοις
447 2820 628 2933 συμπτώμασι
644 2842 698 2888 τοις
709 2819 763 2878 ἀπο
776 2820 842 2877 ταῦ-
892 2821 1088 2902 ἀπροσδόκητον
1099 2815 1259 2896 τυχηνῆδι
1267 2817 1416 2895 ἐπιστήμην
1429 2817 1447 2889 ἢ
1460 2819 1549 2879 διά’
1516 2842 1592 2900 φυσιν
1606 2819 1677 2891 ἢδιά

65 2912 180 2991 τομάςοο
206 2908 410 2989 γινομίνοιςᾎΓ
410 2898 542 2987 δμίν
511 2932 556 2969 ουν
586 2909 612 2967 ἀν
640 2911 698 2975 ταῖς
719 2906 843 3015 πράξεσιν
899 2909 959 2987 βίαν
981 2907 1027 2967 καὶ
1049 2907 1177 2985 ἀνάγκην.
1195 2907 1239 2967 'lt
1254 2904 1302 2983 μίν
1323 2904 1416 2965 διά’
1387 2929 1470 2986 τοχην
1493 2907 1550 2967 ἐστὶ
1564 2906 1638 2967 r8‘
1622 2908 1676 2968 απὸ

67 3002 232 3079 Ιδλάπτεσὺιιι
253 2999 299 3058 καί
311 3004 468 3078 ζημιουαδιιι
488 2997 560 3071 ἀστί,
576 3022 607 3058 το
593 2997 647 3058 88
668 3000 695 3058 ἀν
713 3000 766 3065 τοῖς
779 3019 845 3055 και-
897 2995 1063 3072 ταάτομάτοο
1077 2995 1122 3053 καί
1134 2995 1186 3053 ἀπὸ
1201 2995 1315 3073 [ἀντυι]
1328 2994 1450 3075 προνοίας
1464 2995 1674 3074 ἀποτελοὺμινα,

68 3265 147 3328 luerit,
163 3265 319 3330 exposuerint
329 3265 354 3315 tn
364 3265 468 3316 insulam
481 3265 539 3315 soeii
559 3263 727 3325 dormientem,
743 3266 767 3314 et
776 3262 843 3313 talia.
898 3260 936 3310 rei
948 3272 1018 3320 seru,
1034 3258 1072 3309 rel
1091 3258 1158 3322 prius
1171 3260 1282 3318 veniunt,
1298 3259 1337 3309 rel
1351 3260 1556 3323 opportunitatem
1573 3261 1636 3312 nacti
1648 3276 1678 3312 ea

93 3357 165 3406 Lvll.
183 3355 352 3420 cuupoonts
362 3357 478 3419 quattuor
495 3357 552 3405 sunt
566 3367 673 3417 genera:
687 3366 763 3403 unum
779 3351 842 3402 euim
898 3351 1056 3412 frustrantium
1066 3349 1196 3401 sotideotla
1207 3362 1266 3400 rero
1277 3360 1333 3413 quaa
1342 3352 1427 3413 sponte
1438 3363 1484 3400 sua
1495 3352 1625 3408 eveniunt.
1635 3365 1676 3416 sp2

66 3444 101 3492 est
111 3457 183 3507 poena
194 3444 294 3507 eapitis,
305 3444 407 3496 atterum
422 3443 572 3508 peoruiaria.
584 3443 683 3493 tertium
698 3439 842 3505 ignominia,
898 3439 1018 3502 pellantur
1033 3436 1121 3489 subita
1137 3436 1287 3489 calamitates
1299 3437 1324 3487 et
1339 3436 1420 3486 noxia
1433 3448 1488 3499 qnae
1502 3448 1533 3486 ex
1544 3435 1677 3500 improviso

64 3534 175 3593 quartum
191 3532 306 3582 murnum
319 3530 436 3595 corporis.
449 3530 539 3594 capitis
550 3543 621 3593 pona
637 3531 676 3581 eat
686 3541 742 3593 quaa
755 3527 844 3577 abillis
896 3526 1017 3577 ineidnnt.
1322 3551 1327 3558 ·

64 3618 167 3667 sumitur
176 3616 217 3680 qui
226 3615 333 3666 maxima
342 3613 700 3677 lacinoraoommiseruntquod
710 3613 843 3678 appellatur
927 3617 978 3666 Ut
997 3615 1098 3679 Propria
1106 3618 1129 3666 at
1137 3613 1297 3665 sommunlter
1310 3613 1372 3663 bona
1383 3611 1409 3662 io
1421 3612 1527 3676 quinqua
1537 3611 1677 3662 diriduotur

63 3704 216 3767 supplicium.
232 3702 372 3754 pecuniaria
384 3714 454 3764 pona
467 3705 505 3753 est
518 3702 610 3752 mutata
624 3701 715 3765 legibus
726 3699 840 3763 irrugata.
895 3704 997 3768 spedas.
1011 3707 1101 3755 librum
1114 3704 1177 3755 enlm
1191 3702 1304 3754 nonnulla
1317 3702 1413 3767 propria
1426 3703 1552 3760 suntlieo,
1565 3701 1611 3752 alia
1621 3701 1667 3751 ho·

63 3790 254 3843 summamus
272 3803 344 3850 vero.
357 3789 494 3851 imouiuiae
510 3789 597 3853 ruilus
615 3789 681 3840 uro
696 3787 841 3848 ominatur.
896 3794 1014 3854 nuilus,
1026 3793 1073 3844 sus
1092 3793 1231 3845 momina
1248 3794 1300 3842 neu
1309 3794 1335 3842 er
1351 3791 1502 3852 nonninus,
1517 3789 1563 3839 aus
1581 3789 1676 3853 proprus

63 3881 126 3931 '0¹⁰2
133 3878 249 3928 ¹¹¹me
260 3888 315 3927 ΒΜ
323 3876 365 3939 (lul
374 3878 470 3928 mulum
477 3875 597 3938 ‘bimi
608 3875 645 3926 '0¹
654 3875 695 3939 qui
706 3874 842 3939 dimdium
896 3880 1033 3932 bominibus
1045 3883 1070 3931 et
1083 3881 1170 3933 esteris
1181 3879 1324 3931 animalibus
1342 3881 1430 3942 praeter
1450 3879 1540 3937 ὓοιιιιι,
1555 3875 1602 3926 alia
1619 3889 1677 3928 sero

63 3966 241 4018 defraudaverit
255 3968 389 4029 υοίτιοοουο
400 3963 505 4016 intamiae
520 3963 611 4026 lenibat
624 3963 752 4025 ἰιιιουᾱῑῠ·
766 3963 840 4011 Pw
895 3969 1008 4019 omnibus
1018 3969 1163 4019 eommunia.
1177 3966 1305 4030 Proprium
1320 3965 1440 4029 igiturest
1454 3967 1504 4015 Deo
1516 3964 1676 4015 immortalem

64 4069 117 4116 quaa
135 4055 229 4105 damno
241 4052 269 4105 at
290 4051 405 4117 eorporis,
421 4053 453 4103 ab
473 4052 503 4102 iia
514 4051 646 4114 impunitus
659 4051 701 4114 qui
716 4049 841 4100 rmbemot
895 4070 950 4108 m
968 4057 994 4107 a
1011 4055 1112 4117 amitt„
1139 4055 1263 4119 proprium
1278 4051 1416 4102 hominibus
1429 4049 1560 4101 onneorderr
1582 4063 1636 4102 esse
1652 4053 1677 4102 et

64 4142 114 4193 sire
127 4142 247 4194 oonrioiia
262 4141 371 4192 afficiunt
384 4144 409 4192 et
425 4139 554 4191 similibus.
893 4143 987 4207 justum
1004 4143 1128 4209 proprium
1150 4144 1202 4193 Deo
1225 4143 1249 4192 et
1269 4138 1407 4190 bominibus
1434 4139 1510 4189 bonos
1532 4151 1587 4189 esso
1613 4155 1620 4186 ε
1638 4140 1673 4190 et·

93 4232 177 4281 Lvltl.
196 4232 323 4282 Peccatum
331 4230 353 4279 iu
363 4229 407 4279 tria
416 4228 632 4291 dividiturgenera.
641 4230 683 4278 Est
693 4228 757 4278 οιιιαι
766 4241 840 4278 noum
895 4231 961 4282 enim
971 4235 998 4282 et
1012 4233 1064 4281 lieo
1074 4232 1099 4281 et
1115 4229 1252 4280 bominibus
1264 4227 1386 4292 proprium
1399 4229 1437 4278 est
1454 4225 1524 4276 bouis
1535 4238 1602 4288 esse,
1618 4240 1675 4288 pro·

66 4318 126 4379 quod
144 4317 171 4368 tt
187 4316 318 4379 iniustitia,
330 4315 394 4366 aliud
410 4316 556 4380 ignorantia,
572 4315 638 4366 aliud
656 4317 753 4379 propter
766 4313 841 4364 lutor·
895 4318 973 4382 prium
985 4331 1043 4369 sero
1054 4317 1144 4369 bomini
1157 4316 1301 4368 mntineotia
1312 4328 1369 4379 qum
1377 4314 1468 4365 malum
1481 4316 1587 4377 avertat,
1597 4315 1675 4365 Deum

67 4404 164 4455 tunium.
178 4406 242 4455 cum
261 4403 375 4467 iniustitia
390 4404 542 4466 coniunctum
558 4406 682 4467 peecatum
694 4406 732 4454 est
743 4402 842 4466 impium
896 4419 954 4457 rero
967 4407 1057 4457 malum
1072 4418 1126 4456 esse
1145 4406 1183 4456 sel
1197 4403 1248 4455 tleri
1264 4416 1335 4469 posse
1350 4403 1472 4454 aedicere
1484 4402 1582 4465 quidem
1597 4401 1654 4454 licet
1667 4423 1674 4453 ι

68 4495 90 4541 in
100 4492 173 4544 deum
186 4505 254 4555 esse,
266 4491 328 4542 male
336 4504 406 4554 agere
416 4504 471 4542 eum
485 4492 569 4541 amicis
583 4493 608 4542 et
626 4491 741 4554 iniustum
750 4502 805 4540 esso
817 4489 842 4540 in
895 4495 920 4544 et
932 4493 980 4543 alia
992 4492 1018 4543 id
1027 4506 1111 4557 genua.
1124 4494 1266 4544 communis
1278 4505 1336 4543 reru
1344 4490 1481 4542 bominibus
1494 4492 1518 4540 el
1526 4490 1613 4541 suteris
1625 4490 1676 4541 ani·

68 4581 244 4645 rempublicam.
278 4578 414 4645 ignorantia
450 4581 561 4642 pascatur
593 4577 617 4628 iu
648 4577 842 4643 grammaticam,
896 4580 1000 4631 metibus
1019 4584 1107 4644 prater
1116 4583 1209 4640 Deum.
1225 4578 1339 4631 tortitudo
1358 4597 1366 4630 ε
1384 4590 1412 4629 ea
1423 4578 1488 4630 enim
1502 4577 1558 4628 tacit
1571 4580 1598 4629 ut
1612 4577 1675 4641 pert·

68 4669 237 4722 arithmeticam
259 4669 397 4733 similesque
410 4667 569 4732 disciplinas:
591 4668 644 4718 lamo
660 4670 757 4731 peoeata
778 4665 842 4718 enim
896 4668 951 4719 outo
974 4669 1014 4719 rel
1035 4667 1121 4718 terrori
1136 4667 1207 4718 attoni
1220 4668 1378 4728 resistamus;
1397 4666 1509 4716 omnibus
1531 4678 1589 4715 reru
1606 4678 1674 4715 coru·

69 4768 114 4805 uon
124 4757 186 4808 liunt
201 4755 327 4821 injustitia,
338 4756 382 4807 sed
394 4756 535 4821 ignorantia.
549 4757 582 4805 Ut
594 4768 650 4806 euru
663 4754 793 4806 intortunio
803 4768 842 4806 er·
896 4769 969 4806 muna
980 4756 1107 4820 pulchrum
1121 4758 1166 4806 est.

70 4854 147 4896 remus
158 4849 218 4896 tuns
232 4844 318 4896 aeetoit
329 4858 404 4908 quum
414 4844 486 4896 iinon
500 4857 550 4895 nou
562 4842 715 4909 attingimus,
727 4844 765 4895 rol
778 4843 843 4895 arla
927 4846 991 4895 biti.
1016 4848 1106 4896 tiorum
1129 4857 1185 4909 qum
1204 4845 1261 4894 aunt
1283 4842 1443 4908 quodeunque
1459 4844 1575 4907 quattuor
1594 4842 1675 4892 causis

69 4931 220 4996 aberramus,
236 4933 274 4985 ret
289 4931 357 4984 inriti
368 4945 504 4997 pereamus.
897 4932 1038 4996 perficium:
1054 4931 1106 4984 sire
1125 4944 1182 4983 casu
1201 4930 1243 4995 qni
1259 4930 1331 4982 etiam
1350 4931 1374 4981 in
1392 4931 1481 4982 bonnm
1498 4930 1602 4992 obtinet,
1623 4928 1675 4980 sire

101 5020 161 5071 tllt.
182 5021 245 5073 itala
259 5021 355 5072 torinna
370 5021 393 5071 ἰο
412 5021 457 5073 tria
472 5020 595 5073 dividitur.
617 5023 668 5072 Una
685 5021 748 5074 enirn
762 5023 800 5072 est
818 5020 844 5070 in
897 5021 1009 5082 scientim
1021 5019 1229 5072 sisenatnraaire
1240 5019 1299 5069 rtet
1310 5019 1456 5071 necessitate.
1470 5019 1540 5078 Quod
1554 5033 1611 5070 casu
1622 5029 1674 5081 per·

73 5108 218 5170 uolonibus,
236 5109 310 5160 attera
325 5109 351 5160 in
363 5111 560 5174 temporetam
575 5111 599 5161 in
617 5109 843 5173 accidentibusqua
897 5107 977 5160 beitur
992 5110 1018 5160 id
1036 5113 1075 5161 ost
1092 5109 1156 5174 qnod
1170 5121 1215 5160 sua
1229 5111 1314 5172 sponte
1334 5109 1359 5158 et
1380 5108 1528 5172 providentia
1550 5107 1599 5157 tit:
1618 5117 1673 5168 qum

72 5198 154 5256 sponte
166 5209 211 5247 sua
232 5198 354 5248 evariant.
377 5200 439 5248 ttals
462 5198 557 5249 lortnna
576 5199 601 5250 in
619 5198 752 5250 actionibus
771 5201 843 5249 utun·
897 5196 1004 5260 οσίτοιίι,
1017 5196 1105 5248 domus
1115 5200 1140 5249 et
1152 5209 1227 5248 nares
1240 5197 1266 5247 st
1283 5195 1365 5246 omnia
1375 5196 1444 5258 tatia;
1456 5209 1511 5259 qum
1523 5202 1616 5252 natura,
1629 5191 1674 5241 iro·

74 5282 112 5331 tor
123 5284 164 5347 qni
178 5284 267 5337 damno
278 5288 304 5337 et
317 5284 460 5336 detrimento
470 5285 620 5346 albetontur;
635 5286 659 5335 in
671 5288 792 5348 tempore,
804 5283 844 5348 uui
898 5284 984 5349 mines,
998 5285 1096 5337 arbores
1107 5287 1133 5337 et
1149 5284 1231 5337 omnia
1244 5283 1370 5347 animalia3
1382 5296 1437 5348 qum
1452 5283 1476 5332 ri
1487 5283 1512 5333 et
1522 5279 1671 5337 noesseltum,
