3959 5900
803 519 853 579 DE
886 518 997 583 inille.
1666 531 1703 584 89

94 647 167 721 Φησὶ
182 646 215 719 δὴ
224 653 315 707 τοῦτον
329 645 373 707 ris
385 644 463 724 λύγον
475 647 520 705 καὶ
534 650 588 707 τῶν
595 647 771 728 φθειρομένων
781 672 810 709 τε
824 652 868 709 καὶ
923 653 1011 734 τρίτος
1025 655 1168 736 ἄνθρωπος.
1184 658 1218 721 El
1231 658 1284 739 γδρ
1298 659 1377 729 ἄλλος
1391 664 1407 721 δ
1419 664 1643 744 κατηγορούμενος
1666 657 1702 725 ὧν

94 735 262 821 ίγθαρμίνων
285 735 331 796 καὶ
343 733 410 801 ὅλως
433 737 486 794 τῶν
502 739 560 795 καθ’
575 734 676 796 ἵκκῦτύ
687 758 716 795 τε
727 737 772 797 καὶ
786 742 868 818 pisp-
923 752 1109 824 κατηγορεῖται
1131 746 1176 805 καί
1201 748 1262 805 κατ’
1281 747 1350 807 ἰδίαν
1365 749 1498 830 δριστύος,
1519 754 1703 833 κατηγορεῖται

94 829 146 887 τῶν
167 822 239 891 ἰδίας
254 821 468 891 κατασκευάζειν.
741 902 744 906 ¹
922 833 950 892 δὲ
970 835 1041 895 κατοί
1054 857 1083 894 τε
1105 837 1157 893 τῶν
1178 835 1238 894 καθ’
1257 834 1357 898 lenate
1372 837 1507 898 καὶκατὰ
1530 843 1578 913 τῆς
1597 840 1667 907 ἰδίας
1689 845 1704 899 δ

404 960 557 1037 ⁴·t¹³⁵·>
923 920 1705 1097 {illinitiit‘iit‘llliii‘tilitli

133 1096 275 1157 Alexand.
284 1095 378 1176 Aphr.
394 1096 489 1156 inlr.
505 1095 661 1175 llletaph.l.
676 1094 694 1156 l.
709 1096 869 1177 §silleti
924 1096 994 1156 κατοί
1017 1121 1047 1156 τι
1068 1097 1160 1157 τούτου
1184 1097 1229 1157 καί
1251 1101 1299 1171 τῆς
1321 1100 1392 1169 itte<
1415 1102 1462 1162 καί
1487 1107 1541 1163 τῶν
1568 1107 1628 1163 καθ’
1642 1103 1705 1164 iss·

93 1189 117 1249 ol
130 1184 311 1268 ἅκριύίστεροι
324 1188 376 1243 τῶν
396 1181 577 1264 λόγωνοίμίν
592 1187 645 1242 τῶν
660 1183 724 1264 πρός
738 1209 764 1244 τι
777 1192 867 1247 ποιοῖ·
924 1210 975 1246 στα
1005 1185 1245 1269 κατηγορούμενος,
1271 1187 1367 1267 ὁμοίιος
1394 1188 1421 1250 dl
1443 1191 1488 1250 κιιί
1514 1190 1634 1268 πέμπτος
1658 1193 1704 1252 καί

94 1298 133 1336 σιν
147 1275 230 1352 ἰδίας,
244 1265 282 1335 ῶν
303 1271 334 1334 ού
354 1296 441 1352 φαμεν
464 1263 532 1331 εἶναι
552 1276 612 1332 καθ’
624 1273 688 1335 αὑτὸ
702 1274 790 1352 γίνος,
803 1280 828 1337 oi
841 1275 870 1335 δδ
924 1279 1003 1335 τοῦτο
1019 1276 1061 1335 irr'
1085 1276 1204 1356 ἄπειρον.
1223 1274 1303 1337 Ἐστι
1316 1277 1373 1336 eti
1389 1276 1463 1355 λόγος
1477 1268 1551 1347 οὗτος
1573 1282 1613 1359 τῷ
1626 1277 1702 1358 epsi-

92 1365 135 1424 τδν
144 1361 232 1443 τρίτον
244 1361 380 1442 ἄνθρωπον
392 1360 533 1441 λίγουσιν),
544 1363 628 1438 poa,
641 1383 676 1419 ta
692 1363 763 1421 lion.
775 1385 783 1420 ε
796 1361 831 1424 Ὁ
842 1360 870 1422 δδ
925 1385 963 1441 την
983 1361 1108 1434 istm,
1123 1364 1183 1422 insi
1208 1367 1295 1425 ῖθεντο
1313 1364 1346 1424 εδ
1364 1362 1445 1441 tnui«
1465 1372 1512 1427 τοῦ
1533 1367 1615 1427 αὺτοῦ
1638 1367 1707 1434 τινὀς

93 1450 195 1530 λδγοςδ
215 1449 261 1510 siv
281 1448 369 1528 τρίτον
384 1446 521 1528 {sipontus
540 1447 653 1525 είσοίγων
675 1456 798 1519 τοιοῦτος.
815 1450 871 1511 lli·
927 1449 1054 1531 μετουσίᾳ
1074 1450 1152 1527 ὅμοια
1168 1441 1248 1510 εἶναι·
1265 1449 1351 1529 ὅμοιοι
1363 1451 1415 1534 γδρ
1428 1452 1455 1513 οί
1466 1476 1496 1513 τε
1511 1452 1644 1537 ἅνθρωποι
1659 1453 1705 1514 καί

92 1565 167 1623 γουσι
184 1539 219 1599 τίι
234 1541 326 1605 κοινῶς
344 1536 562 1617 κατηγορούμενα
586 1540 639 1596 τῶν
660 1540 754 1599 οὐσιῶν
775 1541 872 1620 κυρίως
928 1535 1071 1600 sititet..
1094 1540 1137 1620 Τῇ
1159 1538 1207 1615 μίν
1221 1531 1267 1598 eds
1289 1539 1383 1620 ττριίιτη
1404 1546 1450 1600 τοῦ
1464 1539 1553 1620 τρίτου
1572 1538 1707 1620 ἀνθρώπου

91 1653 119 1689 τι
131 1620 200 1689 εἶναι
212 1632 322 1687 τοιαῦτα
331 1627 470 1686 καὶταῦτα
484 1615 550 1686 εἶναι
560 1626 593 1687 eli
607 1625 663 1688 ίσα.
673 1624 737 1689 ’Est
747 1627 781 1687 τίι
795 1627 875 1706 δμοεα
929 1624 1053 1703 ἐξηγήσει
1067 1624 1120 1706 [cs.
1139 1628 1296 1690 Alexandr.
1322 1649 1353 1707 p.
1371 1632 1422 1700 62,
1441 1650 1476 1687 aa
1488 1629 1571 1706 sqq.)
1591 1628 1708 1688 dilates

92 1718 218 1789 ἀλλήλοις
243 1721 291 1775 τοῦ
312 1716 391 1773 αὐτοῦ
412 1711 631 1794 studegavensis
653 1712 732 1789 ὅμοια
754 1713 877 1786 ἀλλήλοις
929 1711 1074 1795 κέχρηνται
1092 1714 1139 1773 καί
1158 1714 1282 1794 Εὔδημος
1297 1719 1386 1795 σαφῶς
1401 1718 1428 1776 ir
1451 1717 1579 1795 τοῖςπερὶ
1597 1714 1707 1785 illisue,

92 1798 184 1878 εἶναι,
210 1803 225 1863 δ
250 1801 347 1884 κυρίως
371 1803 427 1862 ίστί
447 1808 535 1862 τοῦτο·
567 1803 613 1861 καὶ
635 1805 713 1861 τοῦτο
740 1792 807 1863 εἶναι
829 1802 876 1876 τὴν
929 1801 1151 1883 τῇδίτελευταίη
1163 1803 1240 1870 αὐτὸς
1258 1802 1285 1862 ίν
1299 1807 1378 1883 τιτῷ
1390 1802 1509 1884 τετάρτῳ
1526 1807 1621 1878 (corr.
1636 1804 1710 1884 τρώ-

91 1893 175 1954 δδίιιν.
191 1891 261 1952 itii·
285 1895 308 1950 si
325 1896 417 1962 τοῦτο,
431 1888 521 1949 καὶτὸ
545 1889 772 1968 κατηγορούμενον
796 1895 873 1951 τινῶν
930 1894 982 1970 τερ)
998 1890 1061 1971 περί
1076 1890 1164 1953 Ἰδιῶν
1177 1892 1222 1951 καί
1235 1894 1263 1951 is
1277 1890 1432 1972 τοίτῳ’μετ’
1446 1891 1544 1969 ὀλίγον,
1560 1892 1625 1953 scil.
1642 1893 1708 1968 §bz

89 1984 202 2051 κοινῶς,
227 1978 259 2039 δν
284 1978 322 2056 pal
342 1977 437 2037 τσῦτδν
462 1969 480 2057 ᾖ
504 1969 733 2036 testamentis
755 1999 877 2055 κατηγο-
932 1979 986 2038 Καὶ
1015 1980 1038 2037 εί
1059 1976 1108 2055 μίν
1127 1978 1210 2036 sarisb
1231 1968 1299 2045 εἶδος
1318 1981 1369 2037 τῶν
1393 1977 1468 2036 ἰδεῶν
1484 1977 1530 2037 καί
1552 1983 1605 2038 τῶν
1630 1968 1709 2054 μετί-

90 2077 194 2149 ρεῖται,
216 2067 282 2126 ἄλλο
309 2065 335 2124 τί
360 2069 416 2125 ίστε
442 2065 506 2147 παρ’
534 2068 640 2136 ίκεῖνα,
661 2063 705 2125 διδ
730 2070 807 2125 τοῦτο
827 2067 876 2146 γὰρ
929 2067 1042 2145 χύντων,
1055 2064 1129 2125 ίσται
1139 2089 1166 2124 τι
1180 2067 1277 2143 κοινόν,
1289 2064 1341 2127 ubi
1352 2065 1414 2124 brec
1425 2066 1599 2139 alexander,
1612 2087 1644 2143 p.
1658 2068 1708 2138 68,

88 2156 162 2233 γένος
187 2158 202 2213 ὁ
226 2152 427 2234 αὖτοοίνδρωτος
443 2154 483 2210 ὅτι
497 2151 722 2232 κατηγορούμενος
741 2155 793 2210 τῶν
816 2154 876 2212 καθ’
931 2156 968 2212 ²5
985 2176 993 2213 :
1009 2153 1065 2217 ίστι
1085 2154 1113 2215 bl
1128 2154 1160 2215 τὸ
1178 2160 1223 2214 νῦν
1235 2155 1375 2233 λεγόμενον
1392 2152 1441 2213 ὑπ’
1455 2152 1577 2227 σῖτοδ,δ
1599 2155 1708 2232 ίξηγού·

91 2241 200 2303 ἕκαστα
214 2239 298 2301 odissi
326 2243 411 2300 αὐτῶν
422 2230 464 2311 ’ἧν
483 2242 497 2297 δ
512 2240 608 2311 αὐτὸς,
628 2238 716 2320 τρίτος
739 2239 873 2318 ἄνθρωπος
929 2240 1068 2318 μινοι,τδν
1082 2240 1168 2323 τρίτον
1183 2241 1319 2325 ἄνθρωπον
1332 2240 1453 2321 δεύτερον
1467 2241 1610 2319 idisenus.

87 2330 164 2391 ίσται
189 2352 229 2397 τις
252 2327 326 2411 παρά
345 2351 374 2386 τι
394 2328 438 2388 τὸν
462 2329 521 2387 καθ’
536 2324 649 2398 ίκαστα,
669 2317 723 2385 uisi
740 2325 872 2408 Σωκράτη
969 2328 1094 2389 Eosdem
1116 2328 1210 2389 libros
1231 2330 1268 2389 de
1282 2329 1360 2389 ldeia
1379 2329 1487 2407 aaepltta
1506 2331 1652 2408 respicere
1666 2330 1710 2389 vi·

88 2420 134 2479 sul
156 2418 312 2491 Πλάτωνα,
330 2417 375 2476 κεῖ
390 2416 464 2494 sept
488 2415 537 2489 τὴν
559 2413 646 2487 ἰδίειν,
659 2413 718 2485 ἥτις
738 2415 783 2474 καῖ
806 2415 871 2488 siri
928 2418 1013 2479 detur
1027 2418 1192 2479 Alexander
1204 2420 1237 2478 in
1257 2418 1485 2490 commentariis,
1501 2438 1591 2496 quum
1614 2431 1709 2479 tamen

86 2510 136 2586 μία
151 2509 221 2568 κατ’
243 2505 354 2587 δριθμύν
369 2509 449 2567 ἐστιν.
465 2505 572 2565 Eadem
593 2505 686 2581 tangit
694 2525 723 2583 p.
739 2507 790 2576 62,
808 2506 844 2562 33
863 2525 871 2561 ε
926 2504 1062 2584 pluribus
1076 2507 1176 2566 verbis
1187 2519 1284 2567 utatur
1300 2526 1388 2585 quarn
1400 2504 1497 2566 uthis
1516 2508 1623 2585 apponi
1640 2528 1711 2586 pos-

86 2600 235 2658 Διίενυτει
249 2594 295 2655 καί
308 2594 390 2661 οὕτως
408 2597 423 2653 b
442 2594 526 2673 τρίτος
540 2595 683 2674 ἄνθρωπος.
700 2596 731 2653 st
745 2594 775 2651 τὸ
790 2617 873 2664 sarn-
927 2594 987 2653 sint
1001 2594 1037 2653 ad
1049 2612 1084 2652 ea
1096 2595 1243 2654 remittere
1257 2594 1383 2654 sufficiat
1394 2613 1459 2671 quae
1476 2594 1553 2672 spud
1573 2594 1657 2653 illum
1673 2597 1711 2654 ad

88 2685 256 2767 γορούμενον
280 2686 356 2742 τινῶν
378 2684 504 2741 πλειόνων
524 2685 629 2755 ἀληθῶς
648 2682 695 2740 καί
716 2682 788 2741 ἔστιν
809 2682 874 2743 ἄλλο
929 2682 1096 2742 Aristotelis
1120 2682 1250 2762 Metaplr.
1272 2682 1297 2755 l,
1316 2703 1347 2758 9,
1365 2684 1398 2740 31
1426 2694 1456 2740 et
1484 2682 1532 2753 15,
1560 2681 1708 2758 leguntur,

87 2775 164 2856 παρὰ
193 2773 231 2832 sd
258 2763 295 2831 ios
328 2778 524 2847 κατηγορεῖται,
546 2767 750 2848 κιχευρισμίνυιν
773 2769 872 2843 αὐτῶν,
925 2769 1470 2850 p.6l‚,15;65,1ig;82,11l30nitz.

87 2868 170 2922 τοῦτο
184 2859 240 2940 γὰρ
256 2863 381 2937 ἡγοῦνται
397 2855 527 2916 δεικνύναι
537 2858 562 2916 oi
578 2854 625 2923 τδις
642 2855 714 2925 ἰδίας
729 2856 872 2932 τιθέμενοι·
1239 2899 1257 2958 5
1294 2899 1393 2977 (¹36)

88 2953 153 3031 (δεδι
180 2953 262 3008 τοῦτο
283 2946 335 3027 γάρ
350 2945 406 3007 ίστί
430 2970 455 3004 τε
478 2945 677 3022 αὐτοάνθρωπος
693 2947 752 3007 κατ’
764 2945 873 3022 αύτούς,
1261 2946 1267 2962 ’
1374 2942 1381 2957 ’

85 3041 127 3101 δτι
152 3042 168 3097 δ
190 3036 327 3116 ἅνθρωπος
354 3034 425 3094 κατὰ
448 3038 501 3093 τῶν
522 3035 581 3093 καθ’
600 3034 701 3095 ἕκαστα
728 3033 872 3115 ἀνθρώπων
969 3036 1112 3098 Alexand.
1123 3036 1213 3115 bplrr.
1221 3037 1253 3094 in
1263 3038 1353 3096 brist.
1364 3036 1525 3115 illerupbi,
1539 3040 1607 3115 9,6,
1618 3058 1647 3115 p.
1663 3058 1711 3110 ρο,

84 3129 223 3187 πλειόνων
244 3125 324 3184 ὄντοιν
345 3127 446 3195 ἀληθῶς
466 3132 651 3202 κατηγορεῖται
670 3123 714 3182 καί
729 3123 806 3190 ἄλλος
823 3127 874 3183 τῶν
934 3123 968 3181 13
982 3123 1055 3181 bon.
1078 3120 1165 3184 :⁶0³1
1185 3123 1212 3182 dl
1229 3121 1268 3199 μὴ
1288 3127 1324 3191 ὡς
1346 3123 1459 3193 Εὔδοξος
1472 3128 1562 3203 ἡγεῖτο
1576 3124 1621 3184 καί
1636 3126 1710 3187 ἄλλοι

83 3219 147 3275 καθ’
154 3214 259 3273 ίκαστα
272 3213 416 3293 ἀνθρώπων
423 3209 614 3291 turiei—aiil*
622 3212 644 3269 si
650 3216 737 3284 τοῦτο,
748 3210 824 3270 ἔσται
836 3235 876 3278 τις
930 3211 998 3280 τινίς
1009 3210 1078 3289 μίξει
1089 3215 1141 3271 τῶν
1153 3212 1228 3271 ἰδεῶν
1243 3210 1277 3272 rit
1292 3212 1373 3290 ἄλλα,
1388 3211 1563 3294 ῥᾴδιόνρησιν
1573 3213 1583 3293 (
1593 3213 1618 3287 l,
1633 3235 1664 3291 9,
1679 3219 1711 3288 η)

82 3337 1694 3366 *q——m

82 3406 179 3459 dieitur
191 3406 224 3456 de
234 3407 358 3469 omnibus,
378 3418 434 3469 que
444 3403 577 3454 seeundum
588 3416 715 3454 numerum
727 3412 875 3454 commutau-
927 3403 1018 3466 altquid
1048 3407 1085 3453 est
1109 3406 1196 3466 proter
1218 3404 1274 3465 ills,
1295 3417 1351 3454 nem
1377 3403 1466 3455 ideiros
1493 3405 1612 3469 ipsibomo
1636 3419 1712 3470 genua

82 3499 134 3547 lur.
156 3493 233 3553 Quod
248 3497 329 3545 autem
344 3507 419 3545 unum
435 3495 473 3543 est
490 3491 515 3542 in
535 3491 642 3555 pluribus
659 3492 691 3541 ab
710 3490 769 3554 ipsis
792 3491 873 3553 τείνειε-
927 3494 978 3554 eat,
994 3490 1095 3555 quiade
1116 3492 1277 3555 singularibus
1292 3491 1388 3554 dicitur,
1405 3495 1430 3542 et
1447 3492 1479 3542 ab
1498 3493 1595 3543 illorum
1614 3504 1711 3554 quoque

80 3587 154 3636 elam
171 3585 201 3633 et
214 3581 453 3646 sempiternum‚boe
467 3581 519 3631 idea
528 3584 574 3632 eal.
587 3582 649 3632 suni
661 3581 733 3645 igilur
743 3581 812 3633 idere.
826 3582 871 3632 ce·
926 3578 1047 3644 discrepat
1066 3597 1073 3628 ε
1088 3578 1202 3630 nimirum
1216 3579 1301 3630 tertius
1323 3579 1420 3642 quidam
1439 3580 1512 3630 lromo
1533 3580 1604 3630 luerit
1622 3582 1711 3641 preter

79 3675 168 3723 terum
187 3670 236 3719 bae
252 3669 344 3721 ratione
355 3670 387 3744 eil
403 3669 555 3732 negationum
570 3682 666 3732 quoque
681 3672 706 3719 el
717 3684 765 3720 non
782 3670 873 3720 sebum
927 3665 1072 3728 singularia,
1090 3670 1118 3716 ut
1137 3668 1261 3717 Socratem
1280 3674 1304 3716 et
1318 3668 1458 3727 Platonem,
1472 3670 1496 3716 el
1516 3659 1603 3730 preter
1618 3665 1710 3727 ideam,

58 3739 153 3813 'ideas
168 3756 327 3818 esseoolligi.
926 3757 1017 3817 uureel
1030 3754 1139 3818 ipsuum
1152 3769 1253 3805 numero
1263 3757 1308 3804 est.

110 3846 192 3901 italio
205 3855 261 3905 que
278 3842 344 3892 ideas
359 3856 413 3892 esse
428 3842 579 3905 intelligendo
592 3855 691 3906 arguere
702 3843 809 3903 molitur,
827 3844 872 3892 bu·
959 3840 996 3890 ld
1012 3840 1065 3892 base
1077 3842 1173 3891 tertium
1189 3841 1311 3892 bominem
1324 3855 1378 3892 esse
1396 3842 1426 3890 ud
1441 3840 1505 3890 bsruo
1516 3839 1615 3889 modum
1628 3844 1710 3889 osten·

72 3931 196 3998 jusmodi
211 3931 257 3978 est.
272 3930 353 3985 Quum
369 3926 491 3976 bominem
511 3927 679 3992 intelligimus,
694 3932 737 3980 aul
753 3929 875 3994 pedestre,
928 3927 1001 3979 ditur,
1018 3928 1042 3979 si
1059 3927 1122 3992 qirou
1142 3928 1174 3979 de
1195 3928 1303 3992 pluribus
1323 3942 1382 3977 vere
1403 3925 1547 3992 predicatur
1566 3926 1654 3989 eliquit
1673 3935 1710 3977 est

76 4029 122 4074 aur
135 4017 254 4079 animal,
270 4016 361 4080 aliquid
374 4030 455 4066 rerum
473 4016 638 4067 exsistentium
654 4006 818 4082 intelligimus,
832 4018 874 4070 ssd
928 4015 1052 4066 diversum
1061 4015 1093 4065 ab
1105 4014 1135 4065 iis
1146 4014 1177 4065 de
1186 4015 1273 4078 quibus
1288 4014 1440 4079 prmdimlur,
1452 4017 1562 4063 auctores
1573 4014 1636 4064 enim
1647 4013 1710 4064 iden·

76 4112 180 4162 nullum
196 4104 319 4167 singulare
341 4103 508 4167 intelligimus,
526 4117 602 4167 quum
613 4103 697 4156 deletis
715 4106 875 4170 singularibus
928 4115 983 4152 mm
998 4101 1045 4153 buc
1058 4100 1225 4152 demonstrare
1242 4101 1370 4163 rebantur,
1385 4100 1475 4150 ideireo
1493 4100 1557 4150 enim
1579 4100 1631 4150 istis
1650 4101 1707 4164 ipsi-

76 4199 170 4248 earlem
200 4192 360 4257 intelligentia
382 4196 493 4253 maneat,
513 4205 571 4256 ergo
593 4195 684 4258 preter
703 4193 832 4258 singulsria
850 4199 875 4246 et
929 4191 1002 4240 bomo
1014 4194 1065 4253 eal,
1078 4190 1135 4254 quia
1149 4189 1222 4240 bomo
1238 4190 1268 4239 τῖε
1281 4189 1390 4253 pluribus
1401 4188 1559 4251 singularibus
1571 4187 1709 4240 bominibus

76 4283 214 4338 tensibilia
229 4278 317 4344 aliquid
337 4283 390 4342 est,
401 4280 466 4342 quod
480 4280 526 4330 illis
541 4280 580 4331 vel
597 4281 810 4334 essislentibusrel
825 4296 873 4333 non
927 4291 983 4328 rere
1001 4276 1156 4342 predicatur,
1174 4291 1203 4328 ao
1223 4277 1321 4342 proinde
1336 4276 1471 4326 diversusa
1488 4275 1647 4341 singularibus
1665 4276 1707 4327 bo·

76 4371 266 4428 exsistentibus
284 4371 446 4435 intelligimus.
462 4373 514 4421 ileo
532 4375 613 4422 autern
629 4375 667 4424 est
680 4373 758 4424 loreis
770 4376 794 4425 et
811 4374 872 4426 idea.
927 4365 1032 4417 winibal
1046 4368 1091 4416 etl·
1107 4366 1132 4414 Si
1153 4379 1261 4426 telesim
1274 4365 1306 4415 ⁵¹⁸
1319 4375 1371 4414 ΕΜ
1391 4362 1479 4423 hibet,
1491 4363 1598 4427 ltl⁰f²⁶¹⁰
1615 4366 1642 4413 ¹¹¹
1660 4366 1707 4414 iet·

76 4463 151 4512 ilaue
164 4471 232 4522 ergo
244 4455 360 4505 rationem
373 4454 582 4506 aitintereunlium
592 4457 665 4507 eliam
678 4460 751 4520 alque
761 4457 873 4509 iaterem·
927 4455 975 4504 tius
987 4453 1060 4503 tiemo
1077 4452 1123 4516 sil,
1136 4452 1234 4515 perinde
1248 4451 1321 4502 luerit
1335 4454 1531 4502 consentaneum.
1545 4453 1606 4500 liam
1615 4452 1646 4501 de
1657 4450 1707 4502 sin·

77 4556 183 4614 plorum
195 4544 231 4595 asi
244 4557 364 4594 summam
376 4541 523 4593 sensibilium
533 4548 556 4594 et
569 4545 706 4595 mortalium
718 4560 800 4598 rerum
809 4545 875 4597 iisse
926 4542 1048 4606 galeribus
1060 4542 1159 4607 ipsaque
1174 4541 1226 4592 idea
1238 4542 1310 4591 bomo
1323 4541 1475 4605 predicatur,
1489 4545 1525 4590 est
1536 4540 1608 4605 igilur
1624 4541 1708 4591 tertius

76 4653 134 4688 esse
153 4633 317 4687 confirmare.
926 4633 999 4682 bomo
1018 4637 1115 4698 propter
1135 4632 1267 4697 singulares
1285 4632 1410 4696 ipsamque
1431 4633 1521 4682 ideam.
1543 4632 1650 4682 sienim
1667 4634 1707 4696 qui

473 4721 496 4766 i.
568 4710 590 4734 ’·
927 4720 1070 4784 predicatur
1090 4721 1257 4772 diversusesl
1276 4719 1499 4783 sblisdequibus
1519 4719 1707 4784 pertertare

110 4810 187 4861 italio
216 4818 292 4870 porro
311 4815 359 4867 qus
383 4804 468 4854 tertius
489 4804 563 4856 bomo
583 4818 638 4856 esse
651 4806 770 4870 oolligilur
789 4805 874 4870 buius·
927 4825 969 4877 per
983 4811 1232 4873 sesrrbslstil,bomo
1250 4811 1374 4861 autemde
1393 4809 1552 4874 singularibus
1568 4814 1640 4874 atque
1653 4810 1706 4860 idea

76 4898 146 4950 rnosli
163 4899 218 4948 est.
240 4895 301 4951 Qure
318 4891 349 4941 de
372 4889 512 4942 substantiis
531 4893 691 4943 communiter
701 4893 822 4958 dicuntur,
845 4910 873 4947 ea
927 4899 1082 4965 predicatur,
1103 4900 1216 4950 nimirum
1235 4900 1320 4950 tertius
1335 4899 1407 4948 bouso
1425 4897 1496 4948 luerit
1515 4911 1529 4947 a
1545 4897 1706 4961 singularibus

76 4988 181 5053 proprie
208 4981 270 5035 latia
289 4995 342 5033 esse
360 4982 441 5044 aiunl,
457 4985 481 5033 el
500 4983 552 5033 lieo
568 4996 622 5034 esse
638 4984 750 5048 aqualia.
770 4984 806 5034 ild
820 4986 872 5034 linc
925 4989 1026 5053 ipsaque
1041 4988 1095 5039 idea
1110 4988 1229 5039 diuersus·
1252 4988 1299 5039 Sed
1318 4988 1364 5038 nse
1383 4987 1474 5038 ntioue
1492 4989 1593 5052 quartus
1610 5000 1706 5050 quoque

75 5089 134 5142 quse
159 5075 275 5126 interae
294 5070 379 5121 similla
401 5074 470 5131 suni,
493 5060 548 5121 lilii
566 5085 634 5132 0⁸⁸⁰,
658 5085 706 5134 titia
730 5074 872 5137 participum
925 5078 999 5128 bomo
1012 5078 1258 5129 esseoonilrmsbtlur
1270 5077 1310 5140 qul
1328 5075 1449 5127 deboeet
1465 5077 1519 5127 isles
1532 5073 1704 5139 singularibus-

74 5166 167 5216 endem
186 5160 290 5223 aliquo,
307 5158 369 5223 quod
389 5159 484 5224 proprie
503 5160 549 5209 boe
563 5162 614 5220 est,
631 5163 656 5210 et
668 5160 692 5212 id
713 5174 767 5211 esse
783 5160 871 5215 ideam.
925 5179 973 5228 que
987 5166 1131 5230 praedieelur
1142 5168 1167 5215 et
1181 5165 1238 5215 ilem
1257 5164 1355 5230 quintus
1368 5166 1392 5215 el
1412 5164 1460 5215 boe
1479 5164 1503 5212 in
1514 5161 1641 5213 inlinitum.
1657 5159 1703 5209 Sed

74 5253 149 5316 Quorl
167 5251 190 5302 si
206 5250 244 5299 ila
257 5253 307 5309 est,
319 5250 343 5298 et
360 5247 423 5310 quod
438 5248 469 5298 de
482 5248 624 5312 quibusdam
636 5249 795 5300 eommuniler
813 5250 871 5300 ‹liei-
925 5254 977 5304 luen
990 5253 1052 5305 raliu
1065 5252 1147 5303 eadem
1159 5256 1197 5304 eal
1207 5256 1281 5318 alque
1292 5253 1383 5318 prima;
1395 5250 1467 5315 quod
1477 5246 1655 5299 incommedum
1668 5248 1705 5296 bis

75 5350 127 5406 tur,
145 5341 197 5393 nisi
212 5338 256 5389 esl
269 5335 332 5385 idem
344 5335 408 5400 quod
426 5335 513 5399 aliquid
532 5351 616 5387 eorum
629 5337 660 5388 de
673 5336 761 5401 quibus
775 5337 871 5399 dloilur,
926 5340 1012 5392 seeidil
1025 5341 1083 5391 dum
1094 5338 1180 5391 similia
1191 5341 1290 5403 alieuius
1303 5339 1411 5404 ejusdem
1426 5335 1605 5402 participatione
1619 5334 1705 5385 sinitis
