3959 5900
841 478 1003 539 statuet.
1607 528 1610 534 .
1687 486 1725 544 37

121 608 144 666 sl
157 605 238 685 iitq’
249 605 432 681 ίαντοῦ,ἢίνς
445 606 508 687 πρός
522 630 548 666 τι
559 611 647 689 χεῖρον
661 606 692 686 (ἢ
707 607 807 686 splenii
815 612 902 688 χεῖρον
952 610 1091 670 Βοιιιιιοι.
1117 616 1265 671 eumuna
1301 617 1457 694 Aristotelis
1483 617 1632 690 opusculo,
1660 601 1727 674 Poi-

124 693 301 773 {deraditur
311 693 445 763 καλλίονάς
454 717 522 765 τινος
531 694 714 842 ἐριίμινον,τθ
728 695 756 754 ll
768 699 835 756 θεῖον
844 696 901 755 αὖθί
947 699 1020 771 bus,
1048 700 1121 757 1853
1138 720 1168 778 p.
1184 721 1229 770 17,
1243 701 1377 760 evincere
1405 714 1526 760 conetur
1547 703 1611 781 ipsa
1635 701 1724 762 verba

120 783 274 862 κριῑττόντι
288 782 342 862 ίχιι
356 786 448 842 ἑαυτοῦ
465 786 537 863 θρό
563 782 805 861 μιταθληθήσιται,
819 786 901 844 ἐκεῖνο
948 787 1128 857 Aristotelis,
1159 787 1274 846 duobus
1291 802 1400 848 tantum
1421 790 1492 853 locis
1516 790 1723 869 interpolatas

119 872 172 950 γθρ
183 868 215 929 ἂν
225 861 257 942 ἦν
268 870 403 950 θιιότιρον,
417 868 475 930 οὔτε
490 870 541 931 ὑπὸ
548 869 664 950 χείρονος
675 869 835 949 τθκριίττον
853 870 903 931 ποί·
932 877 992 935 ,καὶ
1007 876 1095 951 μέντοι
1162 877 1189 933 ἐν
1209 877 1299 953 ἐκείνῳ
1318 878 1426 956 φαῦλον,
1446 891 1474 935 et
1489 875 1555 952 μήτε
1571 876 1598 936 δὲ
1612 877 1668 956 ἔχει

119 982 195 1037 epau
208 957 278 1034 θίμις
291 958 357 1030 ἔστί,
375 957 557 1034 &praeibimus
573 959 625 1036 ripa
634 957 706 1018 ίστί·
718 957 763 1018 καί
776 958 866 1034 μίνιοι
879 961 902 1018 si
948 962 1121 1039 προσιθαὸιν,
1136 963 1282 1040 exscripta
1307 964 1395 1022 inisse
1407 965 1596 1042 aSimplicio‚
1623 965 1725 1025 Rosius

120 1046 172 1105 ὑπὸ
182 1045 308 1126 χιίρονοι,
321 1048 420 1127 φαῦλον
433 1046 499 1106 ἄντι
513 1044 820 1125 amittebamus
834 1045 860 1106 δί
875 1049 901 1105 ιν
949 1071 1064 1109 omnem
1089 1052 1177 1129 hujus
1201 1052 1352 1126 fragmenti
1376 1054 1576 1111 auctoritatem
1600 1054 1726 1112 evellere

119 1135 212 1214 ἐκείνῳ
227 1136 337 1215 φαῦλον.
355 1134 426 1194 Ἀλλ’
448 1135 506 1194 οὐδὲ
521 1135 598 1194 ίαυιὸ
613 1132 775 1210 μεταθάλλιι
788 1136 824 1200 ὡς
835 1137 900 1193 καλ·
946 1140 1077 1208 studeat,
1102 1136 1247 1197 affirmans
1268 1150 1355 1196 totam
1376 1138 1530 1216 Simplicii,
1554 1158 1605 1197 seu
1627 1142 1725 1218 potius
1793 1210 1797 1217 Ι

119 1221 417 1302 λίονόςτινοςθρίμινον,
428 1223 484 1282 οὐδὲ
493 1220 755 1301 γθρίνδείςίστιιῶν
762 1222 844 1280 αὐτοῦ
852 1246 899 1281 κσ-
952 1227 1127 1296 alexandri,
1145 1246 1231 1304 quem
1245 1228 1389 1303 sequitur,
1412 1227 1693 1302 argumentationem
1706 1249 1723 1288 e

118 1312 172 1367 λῶν
186 1308 295 1375 οὐθενός·
308 1310 337 1368 οὗ
346 1307 436 1383 μέντοι
453 1311 512 1370 atat
526 1309 589 1389 πρθς
600 1309 631 1368 ιθ
648 1317 754 1389 χεῖρον,
775 1308 816 1367 lat
830 1308 896 1387 μηδὲ
946 1315 1075 1372 Platonis
1088 1316 1168 1385 loco,
1184 1333 1270 1391 quem
1289 1314 1391 1371 alferat
1404 1312 1526 1392 nepubt.
1541 1312 1588 1386 lt,
1605 1336 1634 1393 p.
1649 1317 1721 1387 380,

121 1398 256 1475 ἅνθρωπος
277 1394 345 1455 iulis
360 1397 450 1456 ἑαυτὸν
469 1398 550 1478 pipo
568 1398 654 1470 τοιιί,
671 1397 739 1475 μήτε
759 1396 785 1455 δὲ
804 1396 859 1476 ἔχει
873 1420 898 1457 τι
944 1414 973 1459 et
987 1402 1080 1478 ipsius
1095 1402 1258 1460 Aristotelis
1275 1399 1376 1459 verbis
1388 1401 1540 1461 contineri.
1560 1399 1593 1459 ln
1610 1422 1668 1480 qun
1682 1418 1725 1461 ta·

119 1486 218 1565 φαῦλον
236 1485 318 1561 μηδὲν
328 1486 392 1566 imp
404 1485 435 1543 ἂν
448 1487 478 1545 ix
489 1490 535 1558 τῆς
547 1489 584 1554 εἰς
597 1485 626 1544 τὸ
639 1492 728 1565 χιίρον
748 1485 897 1561 pernicii<
948 1508 1014 1545 men
1041 1508 1073 1545 re
1098 1489 1184 1563 longe
1208 1489 1290 1546 illum
1317 1506 1334 1545 a
1358 1507 1430 1545 nero
1455 1487 1602 1546 aberrasse
1622 1502 1722 1567 puto:

118 1571 292 1655 προσίλαθιν·
307 1572 352 1631 καὶ
363 1572 461 1645 ταύτην
473 1572 501 1633 ὅθ
517 1573 569 1633 nisti
578 1578 622 1631 τοῦ
632 1571 752 1651 διντίροο
763 1575 809 1643 τῆς
825 1572 899 1631 ssiri·
949 1577 1097 1648 nonenim
1117 1575 1204 1633 video
1230 1596 1282 1633 cur
1306 1577 1411 1632 mirum
1435 1586 1510 1632 esset
1537 1574 1720 1633 Aristotelem

119 1683 201 1727 τωνντ
215 1659 355 1726 Πολιτείας
369 1656 741 1739 Ἀριστθῐίθηιμῑτὲλαὸῑῖθν
755 1657 896 1727 ἀπόδειξιν.
946 1685 1009 1722 cum
1044 1665 1162 1722 Platone
1184 1664 1365 1736 consentire,
1386 1683 1474 1741 quum
1506 1659 1544 1721 ab
1568 1662 1634 1738 ipso
1648 1661 1724 1720 Sim·

160 1747 266 1807 Fadem
291 1768 309 1806 e
332 1748 397 1807 cod.
416 1748 511 1810 Paris.
529 1769 603 1825 ¹9¹⁰
617 1746 710 1805 edidit
730 1746 897 1819 Raraisson,

118 1840 201 1894 Essai
217 1856 267 1892 sur
280 1840 309 1891 la
319 1838 533 1911 Metapltysiqae
543 1837 705 1902 eldristote,
721 1846 742 1893 t.
761 1837 785 1904 1,
798 1853 828 1911 p.
847 1837 896 1906 67.

117 1922 233 1981 Similia
240 1922 370 2001 quaedam
377 1921 644 1981 habet'l'hemistins
655 1920 795 1997 Pamphia
807 1923 837 1978 in
845 1922 896 1981 Ar.

118 2009 156 2067 de
173 2009 252 2068 caeto
272 2009 338 2087 (lat.
369 2030 405 2067 ex
430 2009 565 2067 hebraica
594 2027 671 2068 vers.
688 2027 754 2083 quae
777 2008 842 2085 ipsa
863 2027 898 2065 ex

119 2097 236 2155 arabica
248 2098 387 2156 translata
395 2093 466 2174 erat)
474 2096 524 2155 iol.
538 2097 572 2153 16
584 2114 679 2165 νοιιο,
689 2093 788 2154 Vener.
804 2095 896 2169 1574:

118 2187 252 2261 Persoepc
265 2192 337 2242 euim
356 2190 385 2239 in
398 2186 479 2258 vulgi
497 2185 641 2258 plebisque
659 2184 695 2238 de
709 2184 790 2238 nebus
803 2185 900 2239 diuinis

117 2276 347 2348 disptuationt‘bus
368 2278 521 2347 exponitur,
548 2276 658 2328 omnino
682 2283 896 2327 consentaneum

118 2382 188 2437 esse,
201 2368 231 2418 in
241 2368 317 2419 onim
329 2382 362 2418 co
373 2363 449 2437 quod
458 2367 578 2434 primum
590 2373 632 2415 est
646 2373 674 2415 et
688 2372 853 2429 extremiora,
868 2373 899 2414 ut

120 2452 241 2506 (lirinum
257 2457 294 2506 sit
313 2452 475 2522 nullamque
497 2453 675 2504 mutationem
703 2458 894 2522 consequatur.

118 2541 179 2596 Nos
191 2552 284 2595 autent
305 2541 432 2597 uidentur
446 2540 477 2593 id
497 2543 538 2593 ita
551 2556 581 2592 se
595 2536 699 2592 babere
719 2537 898 2610 quemadmo-

117 2630 186 2683 dum
197 2632 302 2686 dictent.
318 2629 401 2699 Quod
420 2632 504 2682 etiam
525 2645 590 2702 qnae
604 2646 624 2680 a
643 2625 721 2680 nobis
739 2625 815 2677 dicta
834 2636 899 2677 sunt

117 2719 276 2792 confirmat.
291 2718 364 2772 Nam
385 2717 506 2770 ditinum
519 2733 617 2787 corpus
631 2712 706 2786 quod
716 2716 745 2765 in
767 2711 896 2763 circrtlum

109 2802 211 2874 seran
225 2802 352 2880 profecto
368 2822 423 2859 non
442 2813 628 2859 commutatur
649 2818 699 2854 nec
717 2803 895 2854 mutationem

117 2894 246 2964 admittit.
274 2895 403 2967 Alioquin
416 2897 441 2946 si
466 2900 690 2958 commutamur,
713 2889 896 2942 necessarium

110 2986 193 3050 joret
204 2994 235 3035 ut
244 2981 295 3036 uel
305 2999 343 3036 ex
350 2999 380 3035 se
389 2981 440 3036 vel
449 2981 486 3037 ab
496 2982 738 3035 alionrutationem
748 2979 893 3047 recuteret.

117 3077 149 3129 St
157 3071 195 3128 ab
208 3076 275 3139 alio,
291 3078 404 3128 omuino
417 3074 448 3127 ici
457 3092 477 3127 a
499 3090 552 3146 quo
574 3080 758 3125 commutatur
778 3066 896 3122 nobilius

117 3164 370 3243 eas·titisset.(luare
383 3179 531 3217 consonum
543 3172 631 3227 esset,
649 3170 679 3212 ut
687 3162 775 3231 ipsum
786 3174 837 3210 nec
847 3156 896 3209 cli-

26 3255 30 3264 ’
118 3253 208 3301 nitrum
220 3265 270 3301 uec
285 3251 407 3320 primum
418 3248 564 3303 diceretur.
581 3247 613 3301 Si
630 3263 698 3300 vero
715 3261 753 3298 ea
766 3261 805 3316 se,
825 3242 899 3296 inid

115 3332 242 3406 profecto
265 3348 432 3390 commearet
452 3337 529 3409 quoti
547 3334 664 3390 nobilius
685 3343 764 3387 esset.
788 3331 896 3388 Etenim

108 3423 221 3492 salsum
231 3441 272 3494 ‘ac
287 3424 491 3479 dissentaneum
496 3421 586 3492 soret,
608 3436 640 3499 at
656 3411 812 3476 mutaretur
825 3424 854 3471 iu
869 3419 899 3471 id

116 3511 192 3583 quod
202 3514 307 3583 turpius
320 3530 355 3565 ao
368 3506 515 3583 ignobilius
524 3516 681 3566 exstitisset.
695 3509 756 3562 Nec
773 3503 898 3575 desectus

116 3604 144 3652 in
165 3618 198 3654 eo
211 3602 356 3664 invenitur,
373 3597 467 3652 ntltoc
488 3601 598 3653 nomine
618 3593 765 3650 elebantia
790 3595 898 3667 aliquid

117 3688 240 3742 nobilius
261 3705 296 3739 ac
309 3683 462 3757 perfectius
487 3690 603 3740 mutari.
617 3686 676 3738 Nec
689 3685 800 3737 dentum
819 3693 897 3753 turpe

114 3777 282 3847 quippiam,
307 3784 338 3825 at
362 3773 392 3824 id
414 3768 560 3841 fugitaret
584 3776 758 3845 eniteretque.
784 3771 895 3822 liationr

117 3866 209 3934 igitur
219 3870 432 3916 consentanetnn
442 3868 492 3924 est,
509 3862 726 3930 utsempiternus
740 3866 828 3909 motus
836 3860 897 3923 ejus

115 3953 229 4012 existat,
240 3956 294 4001 etc.

159 4032 203 4090 De
213 4030 268 4088 lroc
276 4028 423 4108 Simplicii
436 4030 501 4087 loco
509 4042 566 4086 tam
575 4028 728 4088 contrariae
739 4029 853 4086 interae
863 4030 893 4085 in

119 4118 249 4178 medium
264 4117 385 4196 prolata
402 4130 469 4175 snnt
483 4117 648 4187 sententiae,
663 4129 709 4189 ut,
724 4135 815 4194 quum
827 4114 894 4174 Ber·

118 4204 233 4280 σαντί.
251 4203 274 4265 Ι.
295 4223 326 4281 ρ.
350 4224 416 4279 ιιι,
441 4215 507 4281 post
523 4202 693 4263 Raraisson.
707 4205 728 4263 l.
749 4207 768 4263 l.
790 4223 820 4280 p.
842 4202 891 4274 67.

114 4472 170 4537 qnid
187 4473 284 4537 appetit.
306 4472 418 4523 livinum
434 4487 491 4523 sem
503 4487 580 4537 neque
596 4473 668 4524 habet
686 4473 750 4537 qnod
762 4487 789 4523 se
803 4472 888 4522 meiius

115 4563 145 4613 sit
159 4573 202 4626 per
217 4561 280 4626 qood
296 4561 437 4622 instabitur,
450 4562 507 4613 titud
522 4564 584 4613 enirn
599 4563 675 4627 magis
690 4562 798 4613 ditinum
810 4564 886 4621 essem

116 4664 193 4715 neque
207 4652 244 4702 ias
264 4655 301 4703 est
315 4651 339 4702 nt
353 4653 416 4717 qnod
431 4653 516 4721 metina
529 4653 560 4703 sit
576 4667 590 4702 a
608 4653 725 4703 deteriore
740 4652 802 4703 affici
815 4673 821 4704 ι
834 4667 888 4702 mo-

116 4740 158 4789 tari
178 4740 250 4804 igitur
265 4740 356 4804 nequit.
382 4742 411 4789 Et
431 4741 538 4804 pmtecto
556 4741 604 4791 sia
624 4740 826 4802 dneriore‚mati
849 4741 888 4791 ati·

115 4824 169 4889 qnid
181 4825 321 4890 cundperti,
334 4826 358 4876 in
372 4826 413 4876 nn
426 4831 506 4877 autem
519 4826 575 4877 nihii
589 4829 626 4877 est
639 4827 705 4877 maii.
717 4826 764 4877 sed
775 4840 853 4892 neque
861 4841 888 4879 se

114 4914 191 4974 insum
204 4912 281 4962 mutat
291 4913 536 4979 dusaopeiensquod
547 4914 669 4980 onicinus
680 4918 727 4979 est,
735 4929 813 4979 neque
821 4916 886 4967 enim

113 5000 230 5051 bonorum
246 5015 302 5066 quie
313 5002 380 5058 ineo
400 5004 723 5070 artntutioindiget.1ieque
737 5020 795 5058 νοιο
809 5007 833 5057 ln
847 5008 886 5057 de·

112 5088 185 5138 terius
199 5089 339 5153 instabitur,
353 5105 427 5155 quum
448 5106 478 5142 ne
496 5092 568 5143 lromo
583 5092 680 5158 quidem
698 5107 743 5144 ana
758 5097 843 5158 sponte
859 5108 886 5144 ss

113 5172 190 5236 ipsum
214 5176 358 5229 deteriorem
377 5177 469 5237 reddin.
489 5192 566 5244 neque
582 5180 669 5232 habnt
690 5180 799 5232 divinum
818 5182 843 5232 in
859 5196 885 5231 ιο

112 5264 166 5313 maii
182 5264 272 5330 adqnid
290 5267 354 5330 qnod
371 5280 401 5318 es
420 5267 591 5319 montinneio
609 5268 715 5320 deterius
735 5269 796 5321 tnotn
815 5281 882 5322 aoso·

945 1754 1067 1832 pricio,
1096 1755 1140 1812 rel
1165 1773 1224 1831 quo
1248 1772 1317 1811 usus
1343 1766 1548 1823 minutiore,
1572 1750 1727 1829 adjiciatur

943 1841 1026 1900 ilium
1053 1842 1127 1900 hanc
1141 1844 1417 1917 argumentationem
1434 1860 1450 1897 e
1468 1840 1589 1898 Platone
1603 1837 1724 1897 desum·

944 1949 1047 2007 psrsse.
1138 1966 1141 1969 κ

1258 2080 1400 2157 σοι)

984 2225 1086 2284 Cicero
1113 2224 1259 2289 iamenu,
1280 2220 1326 2293 11,
1352 2222 1401 2291 38,
1431 2240 1509 2295 119:
1534 2222 1625 2293 Qrurm
1649 2227 1722 2276 errim

943 2328 1003 2370 ttuts
1021 2319 1071 2367 iste
1081 2313 1188 2367 Stoicus
1196 2315 1307 2382 sapiens
1317 2310 1479 2377 syllabatim
1490 2308 1539 2361 tibi
1547 2307 1723 2377 inradiavit,

941 2407 1036 2458 ueniet
1048 2400 1159 2477 flunten
1179 2402 1311 2452 orationis
1324 2415 1437 2450 aureum
1448 2393 1572 2465 fundens
1585 2398 1613 2448 A
1620 2400 1725 2450 risto-

942 2503 975 2545 te
984 2492 1047 2559 les,
1060 2494 1107 2562 qui
1119 2488 1198 2541 illum
1211 2487 1338 2558 desipere
1348 2486 1433 2541 dicat.
1446 2484 1621 2557 li'eqneem'm
1631 2490 1722 2537 'ortum

941 2596 1000 2633 esse
1010 2595 1131 2650 unquam
1144 2575 1286 2640 strandum,
1302 2572 1378 2646 quocl
1386 2572 1466 2625 nulla
1472 2567 1569 2641 sumn
1581 2589 1650 2625 noro
1660 2588 1723 2626 con·

940 2668 1005 2721 silio
1019 2672 1088 2721 inito
1104 2664 1312 2736 tanrproecluri
1321 2666 1413 2734 operis
1427 2664 1560 2734 inceptio,
1576 2664 1653 2716 etita
1666 2679 1725 2715 esse

941 2772 1003 2807 enm
1015 2753 1248 2825 tmdiqueaptum,
1261 2750 1380 2803 utnulla
1389 2753 1436 2802 vis
1445 2760 1537 2804 tantos
1544 2759 1631 2822 queat
1636 2760 1724 2802 motas

943 2845 1160 2911 mutationesque
1174 2839 1265 2892 moliri
1273 2878 1282 2903 ,
1305 2837 1385 2890 nulla
1400 2848 1527 2890 senectus
1540 2836 1720 2890 diuturnitate

942 2916 1095 3001 temporum
1118 2932 1253 2995 existere,
1273 2938 1303 2980 at
1316 2923 1363 2979 bic
1377 2936 1492 2979 ornatas
1505 2942 1627 2999 unquam
1645 2923 1722 2978 dila·

939 3036 1006 3092 psus
1020 3017 1142 3071 occidat.

1251 3166 1299 3223 ιι.
1319 3163 1400 3243 (ιιι

952 3235 955 3252 l

984 3319 1202 3379 l’sendo-l'hilo
1230 3317 1266 3375 tie
1293 3314 1395 3375 Mundi
1426 3315 1595 3386 eternitate,
1622 3327 1644 3374 t.
1672 3319 1719 3386 11,

944 3432 975 3486 p.
997 3410 1055 3485 489
1070 3407 1117 3464 ed.
1132 3408 1285 3481 Maneant
1306 3402 1540 3484 Ἀριστοτέλης
1559 3401 1599 3472 δὲ,
1620 3402 1720 3476 μήποτ’

943 3495 1053 3562 sinebit:
1062 3496 1108 3552 καὶ
1120 3495 1198 3558 ὁσίοις
1208 3491 1382 3567 ἐνιστάμενος,
1395 3488 1520 3567 ἀγένητον
1530 3488 1575 3548 καί
1586 3489 1716 3567 ἄφθαρτον

944 3587 994 3668 ἔφη
1008 3587 1053 3645 τὀν
1065 3588 1163 3663 κόσμον
1175 3577 1250 3642 εἶναι’
1263 3582 1347 3652 δεινὴν
1359 3581 1386 3639 δὲ
1400 3581 1529 3652 ἀθεότητα
1540 3579 1717 3658 κατεγίνωσκε

944 3679 997 3733 τῶν
1007 3675 1041 3733 et
1052 3674 1155 3732 ἐναντία
1171 3672 1330 3743 διεξιόντων,
1345 3668 1370 3727 ol
1385 3672 1437 3727 τῶν
1448 3667 1630 3749 χειροκμήτων
1646 3665 1719 3726 οὐδὲν

944 3761 1068 3842 ᾠήθησαν
1086 3760 1215 3838 θιαρέριιν
1231 3766 1349 3816 τοσοῦτον
1373 3756 1464 3833 ὁρατὸν
1486 3755 1562 3820 θεὸν,
1586 3753 1660 3825 ἥλιον
1675 3754 1721 3812 καὶ

945 3846 1056 3918 σελήνην
1069 3847 1155 3905 καὶτὸ
1172 3847 1237 3903 ἄλλο
1250 3847 1303 3902 τῶν
1320 3842 1460 3912 πλανήτων
1480 3842 1525 3900 καθ
1541 3844 1665 3900 ἀπλανῶν
1686 3846 1721 3908 ὡς

944 3930 1344 4012 ἀληθῶςιιιριίχονταποίνθιιον·
1352 3930 1425 4005 ἔλεγέ
1431 3952 1471 4000 τε,
1480 3932 1514 3995 ὡς
1525 3929 1595 3988 ἔστιν
1606 3929 1720 4002 ἀκούειν,

943 4019 989 4079 καί
1014 4023 1217 4097 κατακερτομῶν
1230 4017 1270 4074 ὅτι
1293 4017 1377 4075 πάλιν
1403 4016 1450 4092 μὲν
1474 4015 1564 4074 ἐδεδίει
1587 4017 1648 4097 aspi
1672 4021 1720 4088 τῆς

943 4108 1043 4184 οἰκίας,
1060 4108 1097 4183 μὴ
1123 4106 1215 4185 βιαίοις
1228 4104 1374 4179 πνεύμασιν
1394 4101 1536 4183 (ῥεύμασιν
1552 4108 1628 4178 conj.
1649 4109 1716 4162 Ber·

945 4199 1045 4281 noys.)
1058 4196 1075 4265 ἢ
1087 4198 1214 4273 χιιμῶσιν
1231 4193 1349 4262 ἐξαισίοις
1361 4191 1378 4262 θ
1396 4190 1483 4273 χρόνῳ
1502 4189 1519 4261 ἢ
1543 4191 1658 4272 ῥαθυμίᾳ
1672 4195 1719 4262 τῆς

941 4470 1007 4534 perit.
1025 4471 1092 4518 itanc
1102 4468 1329 4517 denominationem
1345 4480 1358 4516 e
1375 4465 1480 4515 secundo
1498 4464 1557 4515 libro
1570 4464 1673 4515 Platonis
1687 4463 1718 4513 de

940 4558 1069 4620 neptium
1086 4555 1216 4617 anompsit
1230 4552 1376 4603 Aristoteles.

1307 4701 1345 4747 23.

971 4830 1111 4879 Aristoteles
1133 4828 1213 4877 nescio
1236 4841 1307 4889 qnam
1330 4829 1367 4891 pie
1385 4829 1650 4892 mastaurensium,
1666 4842 1715 4879 non

939 4917 1078 4980 genitumst
1093 4914 1296 4977 ineotmptibiiem
1315 4914 1432 4964 mondum
1444 4914 1581 4978 pronuntiat
1591 4915 1616 4964 et
1630 4913 1714 4976 impie·

940 5007 996 5055 tatia
1016 5006 1116 5055 damnat
1133 5007 1251 5068 qnotqtrot
1268 5003 1413 5053 matronam
1429 5005 1554 5062 msemm,
1569 5002 1611 5065 qui
1629 5014 1713 5049 manu·

943 5095 1013 5144 iactis
1041 5093 1230 5158 prestantiorem
1257 5104 1304 5141 non
1338 5090 1479 5141 eandum
1511 5094 1561 5140 tam
1592 5087 1712 5138 satutem

938 5183 1030 5243 deam,
1046 5183 1087 5245 qni
1099 5195 1156 5231 sore
1166 5183 1189 5231 in
1202 5193 1229 5231 se
1244 5181 1348 5232 molinet
1359 5181 1434 5233 anino
1450 5182 1475 5229 et
1490 5180 1570 5229 innam
1580 5176 1711 5238 minitam-

936 5284 984 5334 que
1002 5273 1134 5321 errantium
1152 5275 1177 5321 et
1195 5271 1298 5320 fixorum
1319 5269 1452 5319 Pantheon.
1468 5265 1532 5316 Dixit
1549 5263 1620 5315 man
1641 5260 1711 5326 ortui
