3959 5900
282 520 320 580 lb
831 506 1077 570 ARISTOTELIS
1099 506 1347 568 FRAGMENTA.

280 653 366 710 sicus·
393 648 438 708 ΙΙΙ.
462 644 601 725 Spengel,
618 648 667 701 die
689 642 972 699 Herculancmiscben
985 642 1054 697 not·

282 744 337 807 len,
353 739 513 808 Philologus
526 736 672 810 Supplem.
685 743 708 791 t.
721 730 763 802 ΙΙ,
778 750 807 809 p.
822 729 888 786 513.

606 885 632 923 ο.
648 858 722 940 (οι.)

321 999 469 1059 Plutarch.
491 996 624 1076 Pelopid.
642 1017 668 1054 c.
684 997 700 1053 3
716 1016 723 1052 ι
738 996 799 1055 Τῶν
813 995 865 1073 γὰρ
883 994 1003 1066 πολλῶν,
1019 994 1055 1058 ῶς

283 1085 513 1165 Ἀριστοτέλης
527 1082 618 1165 ρηολν,
630 1086 654 1142 οἱ
667 1081 715 1160 μὲν
727 1081 757 1139 οὗ
771 1082 888 1160 χρῶνται
899 1083 937 1161 τῷ
949 1080 1055 1160 πλούτῳ

282 1179 325 1237 διὰ
350 1172 533 1254 μικρολογίαν,
554 1173 579 1228 οΙ
604 1170 631 1229 δὲ
654 1171 847 1249 παραχρῶνται
871 1167 904 1227 δι’
923 1168 1055 1243 ἀσωτίαν,

282 1268 326 1325 καὶ
342 1261 504 1327 δουλεύοντες
521 1251 592 1319 οὗτοι
613 1258 661 1336 μὲν
683 1258 724 1318 ἀεὶ
743 1267 804 1326 ταῖς
823 1258 953 1333 ἡδοναῖς,
965 1261 1057 1318 Ικείνοι

282 1354 308 1412 δὲ
323 1361 379 1416 ταῖς
393 1347 529 1430 ἀσχολίαις
543 1347 714 1408 triennio.

322 1441 365 1499 td
380 1437 502 1497 eundem
517 1436 595 1499 huno
607 1435 702 1493 locum
717 1433 841 1513 respicit
850 1433 1000 1493 Plutarch.
1022 1433 1059 1492 de

282 1528 449 1607 cupiditate
460 1525 590 1584 divitior.
607 1545 633 1583 c.
651 1528 690 1581 8:
705 1520 743 1582 Σὺ
758 1523 779 1581 δ’
792 1524 841 1581 οὐκ
851 1520 964 1591 ἀκοῦεις,
979 1521 1059 1601 φήσο-

284 1643 348 1694 μεν,
362 1612 612 1695 Ἀριστοτέλους
626 1610 758 1691 λέγοντος,
772 1610 812 1669 ὅτι
830 1612 853 1669 oi
867 1608 914 1686 plu
927 1614 957 1668 od
968 1612 1058 1688 χρῶν-

283 1728 344 1777 ται,
368 1704 391 1762 οἱ
411 1700 438 1759 il
460 1702 672 1778 παραχρῶνται,
694 1698 816 1777 καθάπερ
829 1696 964 1776 οὐδετέρου
977 1720 1060 1778 προσ-

283 1794 399 1863 ήκοντος·
429 1790 489 1847 ἀλλ’
511 1786 622 1854 ἐκείνους
652 1785 699 1864 μὲν
725 1788 772 1847 οάκ
799 1787 896 1868 ῶρελεῐ
917 1784 947 1844 τὸ
965 1788 1058 1845 οΙκιῖον

284 1880 341 1938 οὐδὲ
352 1879 457 1954 κοσμεῖ,
473 1874 577 1941 τούτους
597 1873 682 1933 blasti
698 1873 811 1954 βλάπτει
823 1873 868 1933 καί
878 1872 1059 1952 καταισχύνοι.

283 1968 327 2024 (ΙΙ.
343 1965 406 2023 Eth.
423 1962 537 2022 Nicom.
553 1962 604 2037 lt,
620 1984 645 2024 c.
664 1984 690 2026 1.

606 2095 635 2153 3.
656 2082 731 2171 (63.)

327 2226 431 2284 Cicero
443 2224 479 2282 de
493 2223 619 2292 Officiis,
637 2219 683 2296 ΙΙ,
705 2224 739 2278 16
755 2242 762 2277 :
781 2227 883 2297 [tuque
897 2232 983 2280 miror
993 2230 1061 2300 quid

286 2323 315 2370 in
327 2326 446 2370 mentem
459 2317 570 2367 venerit
583 2309 774 2383 l'lreoplrrarto
784 2351 794 2383 ,
806 2318 835 2365 in
850 2331 883 2367 eo
898 2315 967 2369 libro
980 2335 1059 2388 quern

284 2406 320 2458 de
336 2404 446 2457 Divitiis
461 2404 581 2472 scripsit.
602 2401 640 2452 In
657 2415 711 2471 quo
724 2400 814 2452 maha
824 2402 971 2472 praetore,
989 2405 1063 2457 illud

285 2490 414 2548 absurde.
434 2489 570 2543 Estenim
591 2487 693 2540 multus
710 2491 741 2540 in
764 2487 911 2541 hoilanda
929 2493 1060 2563 magnifi-

285 2584 376 2635 centia
390 2590 418 2633 σε
432 2581 619 2653 apparatione
635 2576 819 2648 popularium
836 2594 990 2646 munerum,
1014 2592 1061 2635 ta·

286 2670 407 2741 liumque
427 2678 583 2740 sumptuum
601 2660 775 2734 facultatem
790 2661 918 2733 fructum
944 2667 1061 2722 (linitio-

285 2773 346 2808 rum
362 2764 456 2827 putot.
473 2752 551 2808 Milri
568 2763 662 2805 autem
676 2753 725 2807 ille
735 2749 849 2820 fructus
864 2754 1059 2825 liberalitatis,

1305 670 1356 730 Xl.
1376 668 1687 729 ΠΡΟΤΡΕΙΙΤΙΚΟΣ.

1150 820 1344 901 Προτρεπτικὸς
1360 819 1402 892 α’,
1414 839 1500 899 quem
1516 834 1666 879 recensent
1679 821 1766 897 Diog.
1782 820 1815 878 L
1827 822 1881 901 (rai

1109 924 1137 968 et
1163 913 1309 986 Anonym.
1328 910 1406 985 (ri),
1428 908 1579 979 diversus,
1605 922 1637 967 ut
1664 921 1754 986 puto,
1775 909 1814 967 ab
1837 910 1884 969 illo

1110 999 1220 1076 scripto
1234 997 1312 1074 quod
1329 999 1415 1055 habet
1435 995 1660 1055 lischemaludd.
1684 998 1723 1072 (ι)
1748 1019 1754 1053 :
1776 999 1885 1055 Babor-

1110 1093 1178 1143 tatio
1193 1089 1234 1141 od
1252 1086 1481 1162 philosophiam,
1498 1088 1564 1142 libri
1578 1084 1638 1154 ΙΙΙ,
1654 1085 1718 1142 site
1730 1097 1767 1143 ut
1787 1086 1884 1145 timim

1112 1172 1189 1251 apud
1204 1172 1349 1232 Casiriutu
1366 1185 1479 1232 exstat:
1497 1176 1678 1230 Munimenta
1685 1173 1883 1249 pbilosopbio’,

1115 1264 1179 1318 libri
1203 1266 1269 1329 ΙΙΙ,
1298 1260 1333 1319 ad
1352 1260 1500 1336 dialogum
1524 1259 1561 1319 de
1581 1259 1771 1340 Philosophia
1794 1263 1887 1338 potius

1114 1349 1314 1424 referendum,
1333 1369 1391 1406 non
1412 1349 1560 1424 dialogico
1576 1349 1669 1406 iorma
1689 1351 1885 1427 conscriptum

1115 1438 1214 1510 fuisse,
1227 1437 1295 1496 inde
1310 1438 1431 1495 sortasse
1442 1437 1586 1514 suspicari
1600 1437 1679 1507 licet,
1695 1437 1774 1515 quod
1786 1439 1885 1513 regulo

1113 1524 1226 1602 Cyprio
1246 1523 1418 1584 Themisoni
1445 1525 1619 1603 inscriptum
1648 1537 1725 1596 erat,
1749 1524 1781 1582 in
1805 1523 1886 1601 cujus

1114 1611 1338 1670 familiaritatem
1346 1613 1463 1671 venisse
1478 1612 1662 1674 Aristotelem
1674 1612 1713 1669 ob
1728 1610 1887 1670 Eudemum

1114 1700 1255 1779 Cyprium
1270 1720 1329 1759 non
1339 1700 1414 1758 male
1424 1699 1549 1777 conjecit
1563 1700 1701 1771 Krische,
1715 1699 1739 1760 Ι.
1758 1699 1779 1759 Ι.
1797 1719 1830 1778 p.
1848 1701 1890 1757 rb.

1115 1788 1157 1848 De
1171 1787 1352 1847 Themisone
1365 1787 1486 1865 regulo,
1507 1808 1567 1846 non
1582 1788 1641 1846 alio
1656 1788 1778 1847 fortasse
1802 1801 1889 1864 atque

1115 1876 1262 1935 navarcho
1283 1876 1440 1952 Antigoni,
1455 1875 1491 1933 de
1506 1880 1564 1952 q'uo
1576 1875 1684 1953 Polyb.
1696 1875 1738 1947 V,
1758 1897 1816 1952 79,
1834 1897 1885 1948 ιι,

1115 1963 1171 2036 82,
1200 1985 1252 2039 ιο,
1282 1963 1429 2021 Diodorus
1458 1962 1537 2023 Bibl.
1567 1963 1639 2020 ttisr.
1666 1962 1747 2035 ΧΙΧ,
1775 1967 1827 2035 62,
1853 1964 1888 2021 ci.

1115 2052 1220 2109 Athen.
1232 2050 1298 2127 vlt,
1310 2071 1338 2128 p.
1351 2052 1419 2126 289,
1433 2049 1461 2106 F.
1476 2049 1513 2121 Χ,
1528 2070 1557 2128 p.
1577 2051 1646 2122 438,
1660 2052 1697 2124 Ι),
1710 2051 1815 2110 AEiian.
1825 2050 1890 2112 Var.

1117 2139 1187 2196 llist.
1204 2138 1245 2212 ΙΙ,
1271 2147 1320 2209 br,
1335 2152 1364 2194 et
1378 2136 1484 2213 bugei,
1501 2140 1663 2195 Gescbiclrte
1686 2159 1743 2195 uon
1765 2142 1884 2213 Kypros,

1116 2225 1215 2283 Berlin
1237 2225 1325 2295 1841,
1338 2238 1357 2284 t.
1374 2224 1398 2297 Ι,
1413 2246 1444 2303 p.
1460 2227 1531 2300 694.

1153 2313 1255 2382 Quaea
1276 2310 1366 2371 Rusio
1380 2313 1526 2391 disputata
1542 2328 1610 2372 sunt
1629 2327 1662 2372 ut
1682 2314 1890 2373 demonstraret

1116 2400 1224 2458 nullam
1250 2401 1449 2458 auctoritatem
1472 2400 1655 2459 tribuendam
1675 2420 1737 2459 esse
1761 2400 1886 2459 Zenonis

1115 2488 1282 2547 testimonio
1304 2487 1380 2566 apud
1402 2488 1530 2546 'leletem
1543 2491 1592 2565 (ci.
1616 2489 1650 2546 ir.
1674 2490 1731 2561 δίς
1752 2488 1788 2546 de
1809 2488 1890 2547 Tele·

1116 2581 1154 2637 tis
1169 2590 1251 2637 aetate
1269 2577 1305 2635 ci.
1321 2575 1463 2648 Niebuhr,
1479 2579 1581 2634 Rhein.
1598 2581 1671 2634 Mus.
1686 2591 1707 2636 t.
1732 2577 1766 2653 Ι,
1783 2598 1812 2655 p.
1834 2578 1887 2652 159

1117 2668 1188 2741 ssi,
1209 2685 1268 2744 quo
1288 2663 1363 2724 illud
1381 2677 1492 2723 tantum
1513 2665 1635 2743 probari
1660 2666 1801 2736 affirmat,
1818 2666 1890 2723 anti-

1117 2755 1260 2829 quissimo
1280 2752 1341 2830 jam
1360 2764 1493 2830 tempore
1516 2753 1682 2811 Aristotelis
1700 2752 1818 2810 libellos
1841 2772 1889 2809 ex·

285 2847 363 2911 cujru
373 2858 468 2913 pauca
485 2840 619 2912 eaenrpla
626 2844 710 2912 posui
714 2881 720 2904 ,
741 2841 828 2896 multo
840 2854 870 2895 et
880 2848 972 2913 maior
981 2846 1063 2898 vide-
1114 2845 1216 2906 stitisse
1223 2861 1347 2918 quorum
1362 2842 1523 2916 catalogum
1536 2844 1687 2920 scripserit
1705 2842 1890 2901 Andronicus

286 2941 331 2985 tur
349 2940 379 2984 et
395 2932 504 2986 certior.
527 2928 640 2999 Quanto
664 2931 882 2984 Aristoteles
899 2936 1013 3004 gravius
1036 2945 1065 2987 et
1118 2948 1196 2988 nunc
1210 2928 1444 3007 deperditarum,
1459 2943 1535 2989 recte
1548 2930 1784 3008 vereinscriptos
1802 2930 1889 2988 luisse

286 3024 380 3073 uerius
391 3036 440 3073 nos
450 3017 629 3092 reprehendit
635 3058 644 3084 ,
661 3023 710 3091 qui
723 3018 777 3072 lias
785 3024 966 3091 pecuniarum
982 3019 1062 3091 effn-
1118 3017 1239 3076 minime
1261 3016 1373 3087 evinci,
1396 3035 1430 3074 ea
1446 3029 1480 3074 ut
1504 3016 1619 3076 cuidam
1639 3018 1819 3076 satisfaciant
1838 3020 1885 3074 rix

285 3112 376 3162 siones
391 3127 445 3161 nou
457 3109 637 3175 admirentur,
653 3126 717 3179 puoe
723 3108 802 3179 fiunt
810 3109 851 3162 ad
862 3111 1063 3166 multitudinem
1119 3106 1277 3163 verendum
1289 3104 1356 3162 etit.
1369 3103 1450 3162 Licet
1464 3105 1582 3162 enimet
1596 3105 1670 3163 iliud
1685 3105 1887 3175 concedanruS,

286 3195 489 3249 deliniendam.
515 3199 555 3248 At
574 3199 593 3249 ii
621 3199 669 3268 qui
693 3189 826 3250 attone
851 3197 1023 3270 obsidentur,
1039 3205 1065 3254 n·
1119 3194 1213 3250 fictam
1227 3211 1290 3250 esse
1300 3191 1377 3249 hanc
1390 3210 1505 3249 onmem
1517 3192 1644 3250 Zenonis
1654 3193 1690 3249 dc
1700 3193 1816 3250 Cratete
1828 3212 1890 3250 nar·

287 3301 377 3337 entare
385 3301 467 3355 αριστ
475 3288 628 3336 sertorium
638 3287 714 3336 mino
724 3296 895 3355 cognanum,
908 3285 960 3340 boc
970 3293 1064 3360 primo
1118 3282 1260 3340 rationem
1269 3324 1277 3353 ,
1286 3280 1334 3338 cui
1344 3299 1402 3337 non
1419 3279 1562 3337 absimilis
1577 3292 1620 3338 est
1635 3300 1700 3356 qua·
1713 3283 1750 3339 de
1761 3283 1828 3360 ipso
1839 3280 1889 3337 Ze·

288 3372 387 3425 auditu
402 3371 564 3425 incredibile
578 3371 659 3425 nobis
669 3372 766 3426 uideri
783 3391 931 3447 omnesque
951 3381 1058 3445 mirari,
1119 3388 1195 3427 none
1206 3379 1342 3427 narratur
1358 3366 1435 3445 apud
1448 3367 1570 3441 Diogen.
1582 3367 1616 3426 L.
1631 3365 1696 3438 vti,
1714 3389 1745 3442 ο,
1759 3389 1819 3447 ορ,
1835 3389 1889 3427 non

286 3459 338 3515 sed
349 3475 432 3533 quum
443 3461 622 3528 attenderint,
635 3465 751 3526 ueniam
761 3466 918 3516 necessitati
928 3463 1000 3520 clare
1014 3472 1065 3521 :in
1121 3468 1214 3514 lamen
1229 3454 1298 3513 inde
1312 3453 1500 3532 consequitur
1517 3467 1545 3511 et
1559 3455 1654 3532 ipsum
1669 3453 1777 3533 dequo
1791 3477 1888 3514 narra·
1975 3493 1976 3500 ι

288 3547 329 3601 liis
341 3547 505 3601 immanibus
509 3552 631 3617 jacturis
645 3548 815 3622 infinitisque
827 3551 978 3624 sumptibus
991 3554 1068 3608 nihil
1120 3555 1168 3600 tur
1192 3541 1301 3600 librum
1322 3543 1483 3600 necessario
1502 3540 1600 3597 fictum
1622 3553 1651 3597 et
1671 3543 1888 3619 supposititium
1975 3595 1976 3604 ,

288 3654 338 3688 nos
353 3654 456 3706 magno
473 3654 556 3709 opere
570 3640 678 3702 mirari,
701 3654 784 3709 quum
798 3643 957 3711 prasertim
975 3658 1065 3715 neque
1122 3631 1220 3690 suisse-

289 3728 446 3780 necessitati
453 3725 628 3779 subveniatur
635 3743 686 3780 nec
693 3725 820 3798 dignitas
829 3741 977 3802 augentur,
988 3736 1064 3804 ilua.
1451 3778 1461 3813 ¹
1502 3758 1529 3831 (6
1534 3764 1548 3824 4
1562 3759 1571 3832 ρ

289 3831 342 3886 que
365 3813 416 3867 illa
437 3813 583 3867 delectatio
597 3815 783 3870 multitudinis
798 3821 835 3870 sit
848 3818 890 3870 acl
905 3818 986 3873 breue
1004 3824 1063 3874 cai·
1469 3801 1476 3816 ⁶
1554 3800 1561 3812 .

289 3919 426 3974 pauorque
446 3913 552 3974 tenipus
576 3920 664 3975 eoquo
682 3922 702 3955 a
723 3903 859 3958 lenissimo
885 3925 1001 3980 quoquo.
1027 3910 1064 3964 In
1158 3905 1266 3964 loann.
1282 3902 1391 3964 Stobaei
1407 3902 1567 3980 florii.95‚
1582 3923 1616 3959 οι
1634 3918 1642 3958 t
1657 3899 1706 3960 Ἐκ
1718 3903 1769 3957 τῶν
1783 3899 1896 3971 Τέλητος
1975 3882 1976 3895 ³

291 4007 344 4059 quo
360 4000 454 4043 tumen
474 3995 534 4064 ipso
552 4008 608 4043 uno
624 4010 686 4045 cum
698 3995 828 4046 satietate
842 4000 976 4067 memoria
996 4014 1065 4068 qno·

291 4095 342 4148 qne
360 4081 494 4132 moriatur
504 4080 668 4154 uoluptatis.
685 4081 762 4135 Bene
774 4085 858 4135 etiarn
880 4083 988 4154 colligit
1004 4085 1066 4137 lroec

287 4169 384 4235 pueris
399 4177 429 4219 et
448 4167 617 4220 mulierculis
631 4179 658 4220 et
671 4173 797 4223 serviret
814 4186 953 4224 serrorum
974 4171 1066 4224 simil·

293 4252 366 4305 limis
383 4253 476 4307 liberis
490 4272 548 4307 esse
567 4267 670 4326 pata,
686 4261 766 4330 gravi
784 4275 852 4311 uero
872 4257 979 4312 bomini
992 4270 1020 4313 et
1031 4277 1066 4312 eo

292 4357 355 4410 qum
361 4340 440 4411 fiunt
455 4342 566 4409 judicio
582 4354 655 4397 certo
672 4345 843 4415 ponderanti
858 4347 975 4418 probari
985 4368 1066 4421 posse

292 4427 369 4481 nullo
387 4428 479 4495 ruoilo.
502 4425 577 4484 Male
608 4425 656 4485 hic
676 4429 752 4505 apud
771 4432 929 4490 nonnullos
956 4434 1064 4491 editum

293 4522 336 4568 est
350 4517 441 4568 Aristo
452 4516 534 4569 Ceus.

305 4630 808 4645 mm-n
820 4641 896 4647 ,---

668 4689 691 4731 2.

326 4765 402 4826 Major
414 4778 469 4827 pars
480 4766 620 4829 hominum,
633 4771 660 4818 ut
669 4770 865 4835 aitaristoteies,
882 4778 924 4823 aut
937 4788 984 4824 uon
994 4774 1069 4824 utitur

294 4852 457 4913 irruiturus,
472 4855 581 4916 quisunt
596 4856 702 4909 illiberali
714 4861 738 4909 et
749 4860 846 4910 sordido
858 4861 1068 4925 proditionum

295 4944 336 4990 aut
351 4940 383 4990 ob
395 4941 556 5003 profusionem
566 4944 595 4993 iis
618 4944 742 4995 abutitur:
759 4960 861 5009 quorum
875 4945 943 4996 alteri
958 4948 1069 5010 negotiis,

297 5028 362 5078 atteri
379 5029 542 5092 uoluptatibus
557 5043 679 5094 nunquam
693 5047 741 5083 non
758 5037 815 5083 sunt
823 5032 905 5083 dediti.

558 5120 800 5172 PROTREPTICUS.

673 5218 694 5260 l.

329 5298 407 5346 zerrou
433 5298 466 5348 ait
486 5299 606 5350 cratetem
626 5299 649 5348 in
675 5299 767 5349 sutrina
791 5299 913 5350 ndentem
936 5300 1072 5352 Aristotelis

1120 3993 1247 4070 ἀπιτομή.
1262 3993 1354 4064 Ζήνων
1369 3992 1419 4073 ἔφη
1440 3990 1566 4069 Κράτητα
1583 3988 1769 4067 ἀναγινώσκειν
1784 3989 1812 4045 ἐν
1833 4010 1894 4046 σκυ·

1120 4080 1181 4160 reip
1210 4082 1356 4158 καθήμενον
1385 4078 1428 4138 τὸν
1454 4077 1705 4151 Ἀριστοτέλους
1734 4076 1896 4155 Προτρεπτι-

1121 4169 1179 4239 κὸν,
1200 4168 1228 4227 ὃν
1252 4168 1349 4248 ίγροιψι
1362 4165 1428 4245 πρὸς
1446 4166 1590 4242 Θεμίσωνα
1607 4164 1652 4224 τὸν
1672 4162 1897 4242 Κυπρίωνβααι-

1120 4257 1168 4316 λέα
1182 4258 1265 4333 λέγων
1285 4256 1325 4313 ὅτι
1344 4252 1428 4312 οὐδενί
1446 4251 1529 4310 πλείω
1544 4251 1630 4329 ἀγαθὰ
1647 4251 1762 4331 ὑπάρχει
1783 4252 1848 4329 πρὸς
1868 4251 1897 4309 τὸ

1122 4346 1307 4423 φιλοσοφῆσαι·
1329 4339 1441 4400 πλοῦτόν
1455 4361 1483 4397 ιι
1504 4338 1554 4418 γάρ
1576 4340 1699 4396 πλεῖστον
1721 4337 1799 4395 αὐτὸν
1828 4337 1898 4416 ἔχειν

1119 4431 1187 4491 ὥστε
1213 4433 1333 4491 δαπανᾶν
1360 4431 1395 4493 εἰς
1423 4433 1524 4496 ταῦτα,
1540 4426 1588 4489 ,ἔτι
1617 4426 1645 4485 δὲ
1668 4425 1743 4492 δόξαν
1768 4424 1899 4506 ὑπάρχειν
1975 4479 1976 4492 ,

1089 4535 1094 4561 t
1120 4522 1199 4600 αὐτῷ.
1212 4515 1477 4596 Ἀναγινῶσκοντοςάὲ
1493 4516 1571 4574 αὐτοῦ
1584 4514 1627 4574 τὸν
1641 4514 1738 4573 σκυτέα
1750 4513 1800 4593 ἔφη
1816 4538 1899 4594 προσ-

1123 4688 1298 4747 Protrepticnm
1315 4683 1413 4747 legisse,
1426 4697 1498 4746 quem
1516 4683 1556 4732 itte
1571 4682 1667 4744 scripsit
1685 4680 1714 4729 ad
1727 4681 1899 4730 Thunisomm

1122 4774 1263 4838 cypriorum
1276 4787 1371 4838 regem,
1388 4776 1497 4840 inquiens
1509 4775 1597 4826 nemini
1615 4778 1652 4826 tot
1669 4773 1853 4824 commoditates
1870 4770 1901 4822 sd

1122 4860 1339 4925 philosophandum
1349 4863 1471 4927 obtigisse.
1482 4867 1542 4914 Nam
1551 4876 1609 4926 opes
1619 4876 1674 4912 erim
1684 4862 1773 4912 habere
1783 4862 1903 4924 plurimos

1123 4949 1187 4999 undo
1200 4952 1312 5013 sumptus
1328 4951 1406 5002 iacere
1425 4953 1501 5014 tussit
1514 4952 1544 5001 ad
1561 4950 1717 5001 excolendum
1736 4950 1859 5013 ingenium
1879 4952 1903 4998 ct

1122 5035 1196 5098 olona
1208 5037 1326 5087 celebrem
1338 5051 1400 5088 esse.
1412 5041 1471 5088 Huc
1481 5052 1511 5088 eo
1524 5040 1616 5100 legente
1632 5039 1738 5088 miuron
1750 5038 1904 5088 auscultans

1122 5124 1216 5174 (almos
1233 5125 1329 5176 interim
1344 5127 1435 5177 suendo
1449 5146 1455 5176 :
1473 5130 1525 5177 tum
1542 5128 1664 5176 cratetem
1678 5126 1792 5176 dixisse:
1813 5129 1903 5188 Opone

1125 5212 1226 5274 pretium
1240 5212 1298 5263 mihi
1310 5213 1415 5264 iauums
1425 5227 1479 5264 esso
1493 5214 1585 5275 videor,
1604 5213 1720 5272 Philisco,
1738 5214 1758 5262 si
1770 5214 1800 5263 ad
1813 5217 1903 5264 teser·

1124 5314 1219 5352 monem
1235 5302 1392 5353 hortatorium
1403 5304 1528 5366 scripsero.
1549 5302 1624 5353 tideo
1640 5303 1703 5352 enlm
1715 5303 1757 5352 tibi
1771 5304 1826 5366 pius
1838 5317 1894 5353 oom
