3959 5900
811 410 975 471 utntout.
1078 410 1081 417 ’
1485 450 1487 453 -
1656 421 1696 481 29

96 544 227 616 Poetica,
243 563 270 603 c.
289 544 352 618 [μθ
374 561 420 615 17,
445 541 604 600 dictasunt
624 562 630 598 τ
653 542 707 602 Καί
722 541 753 601 τό
773 564 801 600 τε
816 547 867 602 τῶν
922 552 979 609 τοῖς
994 548 1044 602 τῶν
1060 548 1150 602 παθῶν
1172 544 1269 604 τούτων
1289 546 1451 625 προκλήσεσι
1477 548 1574 608 πολλοῦ
1592 550 1644 608 δεῖν
1661 553 1696 615 εἰς

96 633 247 711 ὑποκριτῶν
268 632 366 702 πλῆθος
380 629 407 698 li
420 628 475 695 ένδς
496 631 533 696 εἰς
551 628 595 689 δύο
610 633 713 710 πρῶτος
734 631 868 711 Αἰσχύλος
923 633 1064 709 ἀφοσίωσιν
1079 621 1144 690 εἶναι
1158 632 1318 712 χρησίμους·
1333 634 1362 692 αί
1373 633 1424 714 γάρ
1436 634 1591 715 ἀφοσιώσεις
1605 640 1652 697 οὐκ
1669 640 1695 696 ἐν

95 719 195 796 ἤγαγε,
211 718 257 777 καὶ
269 716 302 776 τά
324 722 370 776 τοῦ
391 722 473 796 χοροῦ
491 715 640 789 ἠλάττυιτι,
660 717 706 776 καί
729 717 773 778 τόν
791 718 867 799 λόγον
922 717 1078 798 ὑπερόολαῖς
1092 718 1157 777 εἰσίν
1179 721 1237 777 ἀλλ’
1256 723 1283 779 ἐν
1308 719 1526 799 συνεσταλμένως
1541 724 1695 801 ένεργείαες,

95 806 322 888 πρωταγωνιστὴν
333 803 610 887 παρεσκεύασεντρεῑς
624 806 651 865 δί
665 806 711 867 καί
717 830 867 888 ,σκηνογραι
922 807 1035 886 σμικράν
1050 807 1192 884 ὁμοιότητα
1204 807 1267 889 πρδς
1282 810 1366 868 ἀκτῖνα
1379 808 1488 889 ἔχουσαι
1499 800 1535 867 {iv
1550 811 1614 870 εἰσὶν
1629 813 1695 891 ἀφι-

95 894 158 976 ρίαν
174 896 319 973 Σοφοκλῆς,
333 913 418 953 nemo
434 906 477 952 est
491 894 564 971 quin
581 893 687 953 videat.
711 894 811 973 Neque
827 909 868 954 ιε·
921 896 1035 965 σείεσεις.

95 1001 161 1041 meu
179 994 261 1060 puto,
279 994 312 1040 ut
324 981 408 1040 multi
423 981 589 1053 voluerunt,
609 980 803 1061 Themistium
819 982 867 1041 hic
960 983 1138 1043 lamblichus
1161 985 1197 1042 de
1217 985 1381 1062 mysteriis,
1404 986 1429 1059 l,
1460 1007 1505 1059 11,
1532 1008 1562 1066 p.
1582 989 1620 1064 39
1645 989 1694 1049 ed.

94 1069 237 1137 memoria
251 1071 364 1149 lapsum
379 1088 453 1140 esee,
472 1081 523 1127 aut
541 1070 577 1128 de
589 1070 628 1129 iis
640 1069 723 1148 loqui
736 1069 867 1130 voluisse
922 1072 1049 1149 Pacthcy
1065 1094 1072 1128 z
1090 1067 1171 1150 Ἔχει
1186 1071 1208 1129 δ’
1223 1071 1261 1129 έτε
1271 1077 1355 1130 ταῦτα
1370 1073 1414 1130 καὶ
1426 1072 1505 1132 ἀλλον
1520 1075 1595 1150 λόγον
1609 1083 1692 1134 ποιοῦ·

94 1177 160 1235 quae
174 1159 343 1217 Aristoteles
357 1158 389 1216 iu
399 1157 520 1216 Poetiott
532 1157 648 1225 dixerit,
672 1158 703 1216 in
718 1174 776 1236 qua
787 1159 868 1218 nulla
922 1182 977 1220 πον.
993 1162 1025 1218 Ai
1041 1160 1162 1235 δυνάμεες
1177 1163 1228 1216 τῶν
1241 1159 1409 1240 ἀνθρωπίνων
1424 1161 1589 1236 παθημάτων
1600 1165 1653 1220 τῶν
1667 1167 1694 1221 ἐν

94 1243 250 1324 Thespitlis
264 1244 373 1302 mentio
388 1243 462 1303 lacta
473 1256 525 1304 est.
540 1243 612 1302 Cum
628 1244 690 1303 illis
704 1264 787 1319 vero,
804 1265 868 1324 quae
923 1247 987 1322 ἡμῖν
1001 1247 1088 1320 ποίντῆ
1101 1245 1150 1323 μέν
1162 1246 1310 1325 εἰργόμενοι
1322 1248 1492 1307 καθίστανται
1508 1248 1690 1329 σφοδρότεροι,

93 1330 131 1388 de
154 1349 274 1388 numero
299 1341 429 1388 actorum
458 1330 495 1388 ab
519 1329 655 1408 AEschylo
680 1332 866 1391 inventorum
922 1340 957 1402 είς
967 1333 1096 1412 ἐνέργειαν
1112 1332 1139 1391 δὲ
1153 1338 1259 1413 βραχεῖς
1273 1336 1418 1413 (βραχεῖαν
1429 1336 1509 1413 conj.
1522 1337 1692 1414 Bernays.)‚

95 1431 193 1477 narrat
221 1416 418 1491 Themistius,
445 1419 556 1496 optime
585 1419 713 1478 conlecti
742 1434 868 1499 possunt
921 1422 966 1481 καί
988 1422 1051 1501 ἄχρι
1073 1426 1118 1481 τοῦ
1137 1421 1287 1500 συμμέτρου
1301 1422 1479 1501 προαγόμενοι
1500 1423 1622 1502 χαίρωσι
1644 1447 1693 1502 με·

93 1528 157 1585 quoe
186 1510 216 1566 iu
242 1505 390 1583 Anonymi
413 1503 564 1582 cujusdam
586 1507 646 1564 vita
672 1507 799 1586 AEschyli
824 1509 866 1567 le·
920 1508 999 1590 τρίυις
1021 1508 1067 1568 καί
1094 1511 1308 1587 ἀποπληροῦνται
1324 1508 1369 1569 καί
1390 1512 1505 1570 έντεῦθεν
1521 1512 1694 1588 ἀποκαθαιρό-

93 1610 210 1671 guntur,
234 1615 262 1673 p.
287 1594 413 1665 121,81
440 1593 594 1654 Westerm.
622 1615 629 1651 :
655 1593 710 1654 Τδν
729 1594 756 1653 δὲ
779 1594 867 1675 τρίτον
921 1620 998 1674 μεναε
1015 1597 1158 1655 πειθοῖκαὶ
1181 1598 1210 1655 οὗ
1232 1599 1295 1677 πρὸς
1312 1597 1371 1676 βίον
1388 1598 1645 1659 ἀποπαύονται.Δεί
1661 1601 1693 1672 δί,

94 1683 239 1762 θποκρετῆν
259 1681 336 1748 αὖτὀς
352 1682 451 1760 έξεδρεν
464 1681 634 1761 (Αἰσχύλος),
648 1685 683 1748 ὡς
698 1683 725 1740 δί
740 1685 867 1764 Δικαίορ·
920 1689 998 1745 τοῦτο
1015 1685 1041 1743 έν
1064 1707 1094 1744 τε
1119 1680 1246 1766 κωμῳδία
1270 1687 1315 1744 καὶ
1334 1687 1466 1768 τραγῳδία
1481 1687 1604 1768 ἀλλότρια
1622 1691 1694 1759 πάθη

93 1775 166 1848 χοςὸ
185 1769 333 1840 Μεσσήνιος
347 1771 495 1848 Σοφοκλῆς,
509 1769 603 1828 Aliter
614 1770 651 1828 de
664 1769 719 1829 hoc
734 1771 799 1830 loco
814 1785 866 1831 sta·
921 1778 1075 1854 θεωροῦντες
1098 1771 1210 1850 ίσταμεν
1232 1771 1266 1831 τά
1280 1776 1363 1833 οἰκεῖα
1379 1774 1450 1844 πάθτ,
1466 1774 1511 1832 καὶ
1532 1774 1693 1854 μετριώτερα

94 1873 206 1918 tuentes
219 1859 351 1918 conferas
365 1857 508 1917 Ritterum
523 1859 555 1917 in
569 1878 675 1919 comm.
697 1859 728 1917 in
743 1862 865 1921 Aristot.
921 1860 1121 1939 ἀπεργαζόμεθα
1134 1860 1178 1919 καί
1194 1862 1416 1940 ἀποκαθαίρομεν,
1435 1861 1462 1919 ἔν
1477 1884 1505 1920 τε
1519 1868 1572 1929 τοῖς
1586 1864 1693 1942 ἱεροῖς...

93 1946 189 2014 Ροεῑ..
203 1967 234 2026 p.
254 1946 322 2020 115,
333 1949 526 2019 Diintzerum,
542 1950 664 2023 lletnmg
680 1950 732 2003 der
751 1954 864 2009 Atistut.
920 1949 1057 2029 θεραπείας
1071 1940 1115 2007 οάν
1131 1948 1207 2007 ἕνεκα
1221 1953 1267 2020 τῆς
1286 1952 1313 2007 ἰν
1328 1954 1391 2025 ἡμῖν
1403 1953 1490 2030 ψυχῆς
1499 1950 1544 2008 καί
1554 1954 1692 2033 μετριότη·

90 2038 196 2105 Poetil,
217 2056 246 2113 p.
272 2035 319 2105 15,
335 2038 493 2111 Eggerum‚
515 2037 632 2093 Histoire
648 2039 685 2092 de
703 2039 733 2091 la
750 2043 868 2113 critique
920 2058 962 2105 τος
979 2041 1032 2097 τῶν
1053 2036 1095 2096 δεδι
1118 2038 1166 2109 τῆν
1180 2036 1280 2114 γένεσιν
1296 2038 1502 2119 προσφυομίνων
1523 2042 1590 2121 αὐτῇ
1605 2047 1693 2100 κακῶν

90 2126 160 2181 chez
187 2127 229 2180 lcs
252 2127 340 2191 Grecs,
366 2143 395 2201 p.
420 2125 503 2199 139‚.
518 2144 547 2182 n.
569 2126 597 2194 3,
623 2122 759 2194 linteum,
778 2128 863 2182 ‚Arist
920 2125 1020 2193 λύσεώς
1034 2148 1063 2185 τε
1078 2126 1131 2185 ἀπδ
1147 2130 1199 2184 τῶν
1212 2127 1315 2202 δεσμῶν
1330 2128 1375 2185 καί
1391 2128 1548 2206 ἀπαλλαγῆς
1568 2128 1645 2210 χάριν
1660 2131 1692 2188 τά

91 2216 204 2279 Pseud„
224 2233 254 2290 P·
266 2231 315 2288 79·
329 2210 374 2270 Cf·
389 2208 528 2287 Βθέῦῧθθι
544 2211 562 2269 Ι·
575 2214 592 2268 ¹·
609 2231 637 2289 Ρ·
655 2213 718 2287 139·
920 2223 1029 2279 τοιαῦτα
1039 2219 1209 2301 προσάγεται.
1633 2282 1636 2291 ‚

961 2310 1066 2368 Deliis
1089 2309 1308 2385 locis‚qu01·um
1324 2309 1453 2386 priorem
1474 2311 1588 2389 primus
1610 2312 1691 2370 indi-

247 2472 249 2475 .
921 2398 999 2456 cavit
1013 2396 1043 2454 F·
1060 2395 1244 2455 Robortellus
1261 2398 1292 2454 in
1317 2398 1438 2457 Aristot.
1459 2399 1582 2476 poetic,
1595 2420 1626 2479 p.
1641 2402 1691 2475 54,

129 2488 252 2547 Procius
270 2488 300 2546 in
319 2487 434 2547 Pluton.
452 2485 564 2565 θυεερ,
584 2506 615 2564 p.
633 2488 690 2545 360
711 2489 755 2549 cd.
773 2490 863 2549 Basil.
920 2484 965 2544 ed.
977 2484 1106 2544 Florem.
1126 2485 1201 2552 1548
1216 2483 1271 2559 (cl.
1287 2482 1401 2543 Lobeck
1421 2490 1577 2563 Aglaopln„
1590 2507 1619 2566 p.
1636 2490 1693 2546 688

90 2578 132 2651 (iu
154 2577 249 2654 capite
266 2575 433 2651 inscripto:
458 2572 519 2653 περὶ
541 2579 715 2646 ποιητικῆς...
737 2574 771 2633 ci
787 2576 864 2637 Πλά-
920 2574 1018 2655 ηιμ),
1035 2576 1167 2644 alterum,
1185 2575 1222 2633 ad
1238 2594 1324 2651 quem
1343 2573 1400 2634 Th.
1420 2574 1503 2648 Gale,
1515 2576 1621 2636 collato
1636 2598 1693 2636 nu-

88 2689 153 2724 τωνι
168 2665 309 2740 δοκοῦντα)
326 2682 334 2719 τ
351 2664 462 2742 Πρῶτον
475 2662 557 2720 εἰπεῖν
573 2659 685 2741 χρὴκαὶ
706 2664 865 2740 διαπορῆσαι
920 2664 1034 2724 tissimo
1062 2663 1127 2721 loco
1152 2661 1189 2719 de
1211 2663 1339 2740 καθάρσει
1357 2662 1390 2719 in
1414 2662 1536 2721 Aristot.
1563 2664 1691 2738 Poetica‚

88 2753 152 2829 περὶ
168 2756 215 2823 τῆς
227 2750 311 2815 αἰτίας
327 2749 359 2809 δι’
374 2749 407 2822 ῆν
424 2752 472 2808 οάκ
486 2748 646 2829 ἀποδέχεται
658 2748 706 2822 τῆν
725 2749 865 2821 ποιητικὴν
919 2773 945 2812 c.
963 2752 993 2822 5,
1009 2761 1209 2821 annotavernt,
1227 2751 1397 2826 nescioquo
1419 2752 1587 2810 testimonio
1611 2772 1690 2824 usus,

87 2845 102 2900 δ
119 2842 269 2901 Πλάτων...
281 2838 397 2916 δεύτερον
412 2841 439 2897 τί
453 2836 551 2908 δήποτε
565 2837 682 2914 μάλιστα
696 2837 745 2911 τῆν
760 2861 864 2920 τραγῳ·
920 2838 1149 2918 «philosophum
1164 2855 1201 2894 ex
1213 2836 1344 2914 professo
1359 2835 1395 2895 de
1408 2837 1536 2915 καθάρσεε
1557 2838 1590 2896 in
1607 2842 1692 2898 tertio

88 2928 147 2990 δίαν
172 2928 218 2988 καί
237 2926 285 2999 τῆν
312 2925 432 3003 κωμικὴν
458 2926 487 2986 ού
511 2925 690 3008 παραδέχεται
713 2928 758 2990 καί
780 2933 865 2990 ταῦτα
918 2927 954 2987 de
967 2927 1083 2989 Poetice
1106 2924 1185 2984 libro
1203 2924 1305 3001 egisse,
1328 2951 1340 2977 υ
1370 2929 1474 2985 iterum
1495 2927 1639 3004 protraxit
1653 2929 1690 2988 H.

87 3016 262 3083 συντελούσας
278 3016 342 3092 πρὸς
352 3014 492 3095 ἀφοσίωσιν
503 3019 555 3074 τῶν
569 3019 671 3089 παθῶν,
688 3015 782 3093 θμήτε
797 3039 863 3077 παν·
918 3019 1034 3089 Bai-ker,
1049 3018 1081 3075 in
1095 3011 1187 3094 Epist.
1208 3015 1273 3075 crit.
1291 3013 1327 3072 ad
1341 3014 1496 3073 Arcadium
1511 3015 1547 3074 de
1560 3017 1693 3074 Accenti·

89 3109 208 3165 τιίπασιν
224 3103 370 3165 ἀποκλίνειν
385 3102 493 3162 δυνατὸν
505 3101 572 3181 μήτε
583 3104 768 3182 ἰμπιμπλοίναι
783 3104 862 3164 πάλιν
917 3105 984 3178 bus,
1000 3127 1031 3184 p.
1048 3106 1105 3163 255
1120 3104 1166 3163 ed.
1185 3104 1282 3182 Lips„
1295 3102 1387 3163 fusius
1401 3102 1539 3161 disseruit
1553 3107 1690 3181 Bernays‚

474 2352 548 2434 ω.)

89 3193 217 3275 ἀσφαλές,
233 3192 344 3268 δεόμενα
363 3190 392 3250 δι’
407 3214 474 3258 τινος
488 3193 515 3250 ἰν
528 3194 612 3273 καιρῷ
636 3191 770 3265 κινήσεως,
784 3192 819 3264 ῆν
835 3195 862 3253 ἰν
918 3195 950 3253 in
962 3192 1062 3252 libro:
1079 3195 1246 3269 Grundzlige
1260 3194 1312 3247 der
1319 3193 1483 3248 uerlorencn
1500 3191 1694 3265 Ablandlweg

89 3291 148 3348 ταῖς
164 3277 262 3338 τούτων
283 3278 435 3357 ἀκροάσεων
448 3277 662 3359 έκττληρουμίνην
675 3279 864 3361 ἀνενσχλήτσυς
916 3285 966 3339 des
978 3285 1135 3339 Aristoteles
1144 3283 1215 3338 iiber
1226 3282 1266 3339 W
1267 3280 1367 3353 irlung
1374 3282 1426 3335 der
1439 3281 1594 3355 Tragoedie,
1609 3283 1693 3335 Bres-

85 3376 160 3446 ῆμάς
180 3364 225 3425 ἀπ’
248 3367 333 3426 αύτιῖνν
357 3367 435 3446 ἀντῷ
457 3367 541 3446 λοιπῷ
565 3365 652 3447 χρόνῳ
676 3375 795 3430 ποιεῖν...
815 3370 861 3431 lb.
919 3374 976 3440 tau,
996 3370 1081 3443 1857.
1099 3368 1185 3438 Quod
1197 3369 1222 3428 si
1238 3380 1266 3425 et
1274 3367 1344 3426 huic
1357 3368 1531 3426 concedatur
1541 3366 1692 3447 deperdito

85 3480 114 3538 p.
133 3458 193 3515 362
212 3477 219 3512 τ
234 3455 273 3516 m
288 3453 315 3514 δί
331 3452 645 3534 δεύτερονίπρίάλημα),
660 3459 737 3514 τοῦτο
750 3455 774 3514 δ’
788 3447 820 3530 ἦν
834 3457 864 3516 εδ
919 3459 1045 3537 quodam
1060 3457 1225 3518 Aristotelis
1236 3456 1345 3536 scripto
1355 3476 1424 3515 usos
1436 3475 1499 3515 esse
1511 3456 1648 3516 Plocium
1665 3470 1693 3515 et

79 3547 131 3616 αῆν
156 3543 304 3625 τραγῳδίαν
320 3540 494 3601 ἰκόάλλισθαι
513 3544 558 3600 καὶ
580 3540 721 3624 κωμῳδίαν
747 3543 862 3623 ἀτόπως,
917 3546 1123 3622 Ισεειθίἱσίιιεειε,
1146 3558 1315 3605 nontamen
1337 3545 1406 3603 inde
1425 3544 1557 3621 sequitur
1579 3559 1689 3622 partem

78 3635 162 3713 ,εἰπερ
185 3628 229 3690 ut
242 3630 341 3689 τούτων
360 3628 467 3688 δυνατόν
495 3628 631 3710 ἰμμίτρως
656 3631 862 3708 ἀποπιμπλάναι
920 3635 1009 3693 tuisse
1023 3632 1165 3693 librorum
1177 3634 1213 3692 de
1226 3632 1356 3704 Poetica,
1371 3652 1459 3710 quum
1474 3644 1503 3690 et
1514 3632 1607 3709 ipsius
1618 3630 1692 3687 Pro·

84 3722 114 3778 ti
139 3719 217 3789 πάθη
242 3715 288 3774 καὶ
312 3714 516 3784 ἀποπλήσαντας
533 3714 623 3793 ἀνεργά
646 3715 710 3795 πρδς
727 3716 775 3789 τὴν
799 3741 864 3776 παι·
918 3721 955 3779 cli
982 3719 1192 3799 disputatione,
1213 3732 1242 3779 et
1264 3720 1331 3778 aliis
1345 3718 1510 3777 rationibus
1525 3719 1561 3776 de
1584 3718 1691 3797 quibus

85 3811 159 3869 θείαν
188 3804 276 3883 έχειν,
299 3801 330 3862 τδ
357 3801 503 3875 πεπονηκός
530 3804 617 3861 αὐτῶν
642 3801 861 3883 θεραπεύσαντας.
920 3805 998 3865 inira
1015 3805 1201 3878 videbimus,
1225 3807 1322 3883 potius
1337 3805 1373 3863 ad
1386 3806 1577 3864 politicorum
1598 3804 1692 3865 libros

78 3899 174 3959 Ἵοῦτο
199 3892 224 3953 δ’
247 3881 292 3950 ούν
315 3889 417 3962 πολλὴν
441 3888 550 3969 καὶτῷ
571 3889 862 3969 Ἀριστοτέλειπα-
917 3893 1104 3954 deducamur.
1121 3894 1275 3969 Utcunque
1295 3908 1366 3949 vero
1392 3891 1495 3950 dehac
1517 3910 1549 3949 re
1566 3904 1692 3950 statuen—

86 3983 188 4064 ρασχδν
204 3979 342 4047 αἰτιάσεως
360 3976 480 4059 ἀφορμὴν
502 3977 547 4036 καὶ
564 3985 619 4045 τοῖς
636 3977 702 4057 ύπίρ
716 3975 769 4038 zm
783 3979 863 4052 ποιοί·
918 3981 985 4038 dum
1002 3980 1073 4052 erit,
1093 3981 1153 4057 jam
1170 3978 1244 4038 illud
1260 3978 1441 4037 manifestum
1463 3991 1522 4049 est,
1542 3991 1644 4037 neutro
1660 3981 1690 4038 in

85 4095 154 4133 οεοεν
176 4068 275 4130 τούτοιν
290 4071 447 4146 ἀγωνισταῖς
466 4068 519 4125 τῶν
540 4064 603 4146 πρὸς
618 4065 752 4130 nutum
766 4067 862 4147 λέγειν,
918 4070 982 4127 loco
1003 4066 1082 4127 aliud
1095 4067 1167 4146 quid
1181 4086 1266 4145 quam
1281 4067 1374 4145 ipsam
1395 4063 1432 4124 ab
1452 4066 1606 4124 Aristotele
1622 4087 1690 4146 pro·

85 4159 185 4219 οὑτωσί
204 4180 259 4224 πως
273 4160 350 4234 ἡμεῖς
370 4153 491 4230 ίπόμενοι
508 4163 560 4221 τοῖς
584 4152 727 4234 έμπροοθεν
740 4155 862 4217 διαλύοο-
917 4157 1004 4215 lutum
1017 4155 1189 4215 sententiam
1203 4154 1359 4227 contineri,
1372 4173 1459 4231 quam
1476 4152 1542 4211 licet
1555 4151 1690 4231 pluribus

87 4273 174 4324 μιν...
200 4252 260 4307 Δεῖν
289 4243 336 4322 μέν
357 4234 402 4305 clv
426 4242 471 4302 τὸν
489 4241 622 4304 πολιτικόν
647 4242 862 4323 δεομηχανῖῖσθαί
916 4256 945 4302 et
969 4243 1036 4302 mis
1050 4244 1156 4322 partim
1170 4241 1270 4302 verbis
1286 4240 1463 4301 lamblichus
1482 4240 1628 4320 praecipue
1641 4260 1691 4298 ex-

85 4359 160 4403 εινας
181 4337 233 4393 τῶν
247 4336 337 4392 παθῶν
356 4330 456 4391 τούτων
472 4330 612 4412 ἀπερείσεις
625 4329 671 4389 καί
688 4332 766 4407 ἡμεῖς
780 4331 862 4413 paloo-
878 4345 880 4349 “
916 4343 1005 4408 ponat
1024 4331 1145 4409 (praeter
1158 4330 1254 4389 locum
1267 4349 1357 4409 supra
1367 4328 1545 4406 exscriptum
1559 4327 1597 4387 cl.
1617 4346 1691 4403 quos

80 4448 147 4500 μιν,
167 4423 228 4482 ἀλλ’
243 4422 293 4502 ούχ
306 4418 375 4479 ὥστε
387 4420 437 4487 τδς
451 4419 512 4499 περὶ
527 4417 594 4477 αιἰτθι
608 4419 789 4498 προσπαθείας
802 4441 862 4479 συν-
917 4418 1055 4495 Bernuys.
1076 4417 1193 4495 laudat,
1219 4438 1248 4497 p.
1275 4419 1347 4496 160,
1379 4417 1466 4494 169),
1489 4414 1572 4476 nullo
1595 4427 1689 4472 tanuen

86 4514 195 4584 τείνειν,
208 4507 358 4570 τσθναντίον
374 4497 478 4584 μὲνούν
491 4503 558 4564 ὥστε
573 4505 809 4585 χαλινοῢνκαίτάς
823 4530 863 4566 κε·
917 4506 1003 4565 modo
1025 4506 1122 4566 evinci
1144 4509 1262 4585 poterit,
1285 4505 1360 4565 hanc
1387 4506 1611 4584 explicationem
1633 4504 1689 4583 ipsi

81 4591 863 4678 pioeeeiclivlppcltiumoemlll1u‚inlvuellalpecl<
918 4593 1068 4652 Aristoteli
1097 4593 1280 4653 tribuendam
1306 4612 1387 4666 esse,
1412 4592 1574 4672 pracerum
1599 4611 1689 4669 quum

88 4685 205 4758 ποιῆσεις
218 4683 330 4767 πρδςτῆ
349 4679 466 4761 ποικιλία
479 4679 523 4741 καί
537 4679 567 4739 cl
585 4679 698 4761 ἄμετρον
712 4681 824 4760 ἰχούσας
836 4682 863 4740 ἰν
918 4680 1041 4742 Procius
1052 4701 1113 4742 non
1127 4681 1221 4741 solum
1234 4681 1416 4741 Aristotelem
1428 4681 1568 4751 nominet,
1584 4680 1634 4738 ced
1645 4679 1688 4739 illi

461 4984 496 5027 ,χ
917 4951 971 5003 licet
984 4950 1338 5014 allectusmodenteimplere,
1350 4950 1522 5013 impletionem
1540 4951 1638 4998 strenue
1658 4946 1689 4996 ειί

917 5038 1065 5105 θῖεσῖρΙΙσευε
1077 5039 1128 5099 uti,
1139 5038 1245 5090 ιεαεαθο
1256 5036 1371 5103 quidquid
1384 5037 1409 5088 lu
1422 5037 1452 5088 ils
1462 5039 1552 5102 peccat.
1567 5038 1620 5085 lloc
1632 5048 1689 5084 vcro

121 5130 231 5179 Altonum
243 5126 365 5190 problema
379 5125 429 5177 hoo
441 5126 496 5178 etot
509 5143 516 5176 ι
531 5125 670 5190 περιετίθετο
687 5124 862 5176 etcomoedlem
917 5127 942 5176 et
959 5123 1081 5176 Aristoteli
1098 5127 1124 5176 et
1142 5122 1249 5189 illisqui
1266 5123 1321 5175 huc
1339 5124 1450 5189 ροεωείε
1467 5123 1552 5173 εοεαε
1565 5120 1688 5171 Platonem

83 5214 169 5281 ⁴imple
179 5215 302 5285 afflatuue
316 5227 330 5266 c
342 5214 439 5266 οίείῖεῖο
452 5213 540 5277 eicco·
551 5225 604 5265 εεεο
616 5230 623 5263 ε
638 5211 756 5278 etquidem
765 5226 808 5278 ρετ
818 5211 863 5263 tiu
917 5210 1043 5263 θεῖεειθεεο
1054 5213 1159 5277 agressi
1168 5213 1237 5277 sunt,
1249 5212 1331 5278 ρΙοτοι
1340 5207 1526 5276 mononem
1534 5217 1606 5257 εσσεε
1614 5204 1689 5258 totu.
