3959 5900
298 526 353 585 130
840 523 1085 591 ARISTOTELIS
1106 524 1352 586 FRAGMENTA.

292 655 377 715 candi
401 674 487 732 quam
511 655 639 713 indicato
663 655 746 712 titulo
770 654 942 713 nominandi
975 675 1064 733 supra

288 743 349 821 jam
368 741 524 801 observare
540 741 608 800 licet
627 742 657 799 in
672 741 773 800 eodem
802 741 950 800 Plutarchi
972 740 1063 814 libro,

292 851 318 891 c.
345 850 394 904 ro,
412 827 464 889 ubi
485 828 646 887 Aristotelis
671 828 785 887 Politiae
802 827 991 904 designantur
1014 848 1066 906 per

293 919 388 986 κτίσεις
406 917 451 976 καὶ
472 915 615 981 πολιτιίας.
637 916 769 974 Ceterum
783 935 835 974 nec
855 915 928 974 illud
949 914 1067 973 silentio

292 1005 524 1088 praetereundum
537 1018 591 1083 est,
607 1004 684 1063 haud
699 1024 758 1063 uno
771 1004 803 1063 in
817 1004 882 1062 loco
900 1003 1067 1061 Homerico·

294 1115 359 1155 rum
383 1096 520 1153 versuum
544 1092 753 1171 explicationes
778 1091 854 1170 apud
877 1089 1066 1149 Plutarchum

293 1194 466 1242 memoratas
484 1199 558 1252 esse,
574 1200 639 1258 quae
655 1179 691 1237 ad
717 1182 828 1238 nullum
848 1179 938 1237 alium
960 1177 1067 1236 librum

293 1269 475 1331 commodius
498 1268 600 1327 referri
614 1280 736 1346 possunt
754 1287 840 1345 quam
864 1266 900 1324 ad
915 1265 1069 1324 Homerica

293 1359 455 1420 Aristotelis
466 1355 659 1416 Problemata.

333 1449 389 1507 Sed
414 1448 499 1521 longe.
519 1445 663 1503 maximus
681 1462 820 1502 numerus
842 1443 1067 1518 fragmentorum

295 1559 359 1615 quae
377 1557 414 1595 ex
426 1536 472 1593 bis
488 1531 702 1604 Quaestionibus
717 1530 894 1610 philosopho
915 1530 1070 1609 adscriptis

293 1636 405 1683 servata
418 1635 502 1694 sunt,
519 1622 682 1681 Homericis
696 1619 838 1679 debentur
859 1619 991 1691 scholiis,
1008 1620 1070 1696 qui-

296 1713 350 1772 bus
368 1711 506 1772 omnibus
537 1730 613 1769 unus
641 1709 776 1786 idemque
798 1708 881 1780 lons,
907 1706 1068 1786 Porphyrii

295 1802 407 1860 scilieet
417 1798 586 1879 deperditus
598 1795 675 1856 liber
688 1797 777 1855 fuisse
792 1795 919 1867 videtur,
931 1794 1069 1874 Ὁμηρικὰ

294 1887 443 1965 Ζητήματα
457 1888 617 1964 inscriptus
633 1883 685 1959 (cl.
702 1883 800 1944 Schol.
817 1883 853 1940 ad
868 1881 981 1960 lliadq,
997 1884 1068 1955 ¹7⁵3

295 1981 323 2054 β,
335 1984 404 2054 249,
419 1976 501 2052 308),
511 1963 541 2033 in
552 1994 624 2051 quo,
635 1969 1069 2046 testeloanneTzetze,Exeges.

295 2067 324 2124 in
346 2062 431 2125 lliad.
451 2084 481 2143 p.
499 2063 565 2139 3,5
589 2061 702 2132 llerm.,
723 2072 973 2117 controversatum
993 2078 1071 2136 quae·

298 2155 424 2212 stionum
440 2151 613 2210 solutionem
627 2148 684 2207 sibi
703 2160 910 2226 proposuerat,
925 2146 1071 2222 congestis

295 2241 400 2313 simul,
416 2252 449 2298 ut
469 2238 545 2296 idem
561 2236 679 2294 Taetzes
690 2234 776 2293 nobis
796 2249 897 2293 auctor
915 2248 975 2307 est,
989 2236 1069 2312 quod

297 2343 326 2386 et
343 2328 455 2387 scholia
475 2326 690 2394 demonstrant,
707 2336 837 2381 veterum
855 2321 1069 2396 solutionibus3

294 2418 331 2474 cl.
345 2416 443 2473 Schol.
456 2416 486 2473 in
497 2414 586 2490 Exeg.
599 2412 682 2471 Iliad.
695 2433 724 2491 p.
743 2413 847 2483 125,20
860 2433 867 2467 t
879 2411 913 2472 Ὀ
925 2410 1071 2492 Πορρῦριρς

294 2495 384 2561 auidus
406 2503 506 2581 ἀνδρῶν
525 2498 718 2569 serenatione
735 2499 832 2566 πάντες
850 2497 1000 2564 sacerdes<
1026 2499 1071 2558 καὶ

295 2589 425 2669 &plaisir
446 2589 556 2669 ἀπορίας
579 2587 721 2647 ἀπέλυσαν.
736 2587 820 2657 Quod
841 2588 939 2647 serius
960 2586 1069 2644 dictum

294 2693 355 2750 cst,
371 2698 456 2756 quam
466 2691 499 2736 ut
514 2678 608 2756 ipsius
621 2675 647 2732 Τ
648 2678 734 2735 zetzis
744 2677 845 2755 opinio
856 2673 957 2734 haberi
971 2677 1071 2754 possit.

296 2767 337 2824 lle
358 2767 411 2825 ltoe
433 2786 502 2825 vero
534 2763 736 2842 Porphyriano
764 2783 852 2842 opere
882 2763 1070 2840 quaestionem

296 2867 417 2913 tractare
429 2873 522 2933 nuper
535 2871 687 2929 aggressus
702 2865 746 2910 est
763 2851 909 2926 Kammer,
928 2853 958 2907 in
977 2851 1071 2929 speci·

295 2945 373 3002 mine
396 2944 548 3018 Porphyrii
572 2943 688 3000 Scholia
713 2947 874 3008 Homerica,
905 2938 1069 3015 Regimont.

300 3032 372 3088 1865
390 3031 448 3110 (cf.
466 3030 583 3088 Parisot
599 3033 635 3085 de
656 3031 812 3106 Porplrp‘rio
828 3035 884 3084 tria
907 3030 1079 3103 ancnmta,¹

297 3119 395 3178 Paris.
416 3120 514 3193 1845).

334 3204 420 3274 Quod
429 3206 454 3264 si
464 3210 523 3283 jam
534 3219 680 3282 quaeratur
689 3204 762 3281 quid
771 3202 807 3259 de
815 3202 918 3259 borum
926 3204 1069 3276 fragmen·

296 3309 390 3354 torum
403 3294 517 3369 origine
530 3306 560 3351 et
570 3295 740 3351 auctoritate
758 3288 939 3346 statuendum
949 3292 994 3355 sit,
1012 3308 1071 3346 non

296 3385 388 3460 magis
398 3381 519 3440 difficile
532 3393 576 3438 est
589 3398 695 3455 negare
708 3375 893 3434 Problemata
915 3376 1070 3436 Homerica

295 3472 332 3530 ab
356 3471 509 3530 Aristotele
535 3468 699 3545 conscripta
724 3464 812 3522 fuisse
833 3483 919 3540 quam
950 3464 1070 3522 ‹lemon-

296 3558 388 3622 strare
410 3561 601 3619 contrarium.
626 3554 739 3612 Etenim
767 3564 967 3626 argumentum
992 3554 1070 3628 quod

294 3650 474 3727 praecipuum
500 3646 553 3704 luit
567 3643 616 3713 iis,
637 3642 689 3718 qui
713 3638 868 3697 subdititio
892 3638 971 3696 libro
989 3639 1066 3697 Por-

296 3737 434 3815 phyrium
449 3753 534 3793 usum
547 3749 609 3789 esse
624 3728 813 3798 contendum,
829 3727 905 3785 inter
916 3747 989 3803 quus
1002 3729 1070 3786 satis

295 3828 352 3884 erit
367 3825 531 3884 nominasse
551 3819 585 3881 C.
601 3817 755 3877 Lebrsium
773 3836 802 3874 v.
817 3815 854 3873 cl.
865 3818 901 3871 de
915 3818 1070 3872 Aristarchi

294 3917 594 3987 studr'r'sHomerict's‚p.
604 3927 661 3965 aaa
672 3904 718 3967 ed.
731 3904 795 3975 alt„
810 3903 956 3962 insulsitas
968 3922 1071 3982 nempe

295 4018 323 4061 et
339 4001 493 4081 puerilitas
511 3997 703 4077 questionum
719 4007 749 4051 et
769 3993 965 4061 solutionum,
980 4011 1068 4069 quum

296 4110 349 4168 per
363 4110 393 4149 se
405 4088 466 4168 jam
478 4087 549 4148 satis
559 4086 709 4145 infirmum
721 4095 776 4153 est,
791 4084 876 4157 plane
890 4079 1023 4137 evellitur
1034 4081 1071 4138 si·

298 4181 412 4239 milium
447 4176 660 4257 problematum
699 4170 917 4248 comparatione
945 4188 1069 4245 quorum

297 4268 415 4344 plenum
430 4280 473 4326 est
486 4264 649 4323 Aristotelis
662 4261 786 4318 Poeticae
802 4271 888 4336 caput
899 4257 1070 4315 vicesimum

298 4356 444 4430 quintum,
463 4352 542 4431 quod
565 4352 625 4430 περὶ
637 4347 832 4427 προὸλημάτων
847 4345 892 4404 καὶ
908 4343 1008 4403 λύσεων
1027 4348 1071 4402 in·

299 4442 453 4502 scribitur.
472 4444 531 4499 Aut
552 4442 638 4517 igitur
654 4434 868 4493 concedendum
887 4433 944 4492 erit
959 4434 1070 4492 Aristo·

299 4528 364 4588 telis
374 4529 523 4605 ingenium
536 4541 564 4586 et
575 4526 737 4584 doctrinam
750 4521 879 4580 atalibus
890 4541 947 4579 non
960 4520 1069 4580 abhor-

299 4618 407 4689 ruisse,
418 4629 467 4675 aut
478 4636 542 4674 cum
556 4617 591 4675 F.
611 4613 732 4684 Rittero,
748 4611 783 4669 ad
799 4611 883 4669 talem
900 4608 1071 4687 explicatio·

299 4726 363 4764 nem
384 4703 610 4781 confugiendum
632 4700 688 4759 erit
703 4701 752 4777 (p.
776 4699 831 4767 264
859 4697 1019 4756 Comment.
1042 4693 1071 4752 in

299 4794 431 4864 Poeticl,
447 4804 478 4849 ut
491 4792 667 4849 affirmemus
679 4787 804 4846 Poeticae
824 4784 966 4865 quendam
982 4781 1072 4841 inter·

300 4872 1068 4960 polatorenr,exsubdititiacollectionePrublematum

301 4967 532 5041 Homericorum,
542 4966 703 5025 Austotelis
715 4962 831 5022 nomine
845 4959 997 5035 inscripta,
1016 4957 1073 5014 ine·

1119 657 1194 735 ptias
1205 656 1271 713 illas
1290 658 1319 712 in
1334 654 1455 713 Poeticae
1465 668 1552 733 caput
1564 653 1638 713 XXV
1655 655 1753 732 (quod
1763 658 1894 735 etipsum

1120 756 1209 802 totum
1240 742 1423 802 subdititium
1449 755 1531 822 putat
1560 743 1709 822 llitterus)
1734 745 1891 807 invexisse.

1119 831 1227 891 Verum
1241 835 1318 890 enim
1334 851 1405 889 vero
1423 832 1476 909 qui
1494 831 1582 890 semel
1600 832 1631 890 in
1645 832 1732 891 talem
1746 838 1826 892 viam
1845 837 1888 894 in·

1120 939 1235 996 gressus
1260 920 1365 997 suerit,
1380 939 1484 979 vereor
1506 939 1543 979 ne
1563 921 1655 979 multo
1675 920 1796 997 longius
1820 923 1892 983 abri-

1121 1009 1219 1087 piatur
1232 1028 1318 1086 quam
1331 1021 1359 1065 et
1372 1010 1435 1085 ipse
1446 1008 1583 1067 voluerit.
1596 1012 1640 1066 Au
1650 1008 1687 1067 de
1696 1010 1762 1068 solo
1774 1010 1892 1071 fortasse

1122 1095 1277 1155 Aristotele
1291 1096 1332 1155 ita
1348 1095 1566 1174 judicabimus?
1589 1099 1636 1155 An
1649 1096 1695 1156 illi
1715 1098 1772 1157 soli
1796 1100 1828 1157 in
1848 1100 1890 1159 bis

1122 1203 1221 1244 errare
1241 1205 1300 1244 non
1322 1184 1453 1256 licuerit,
1475 1184 1631 1262 inquibus
1649 1184 1826 1264 plerumque
1843 1186 1893 1246 tte·

1125 1275 1273 1346 raclitum,
1315 1273 1482 1346 Platonem,
1517 1272 1720 1331 Antisthenem
1761 1274 1893 1352 aliosque

1123 1362 1230 1422 summi
1257 1361 1367 1436 ingenii
1394 1359 1585 1439 philosophos
1612 1359 1686 1418 mire
1709 1361 1892 1420 caecutientes

1123 1448 1387 1529 deprehendimus?
1403 1447 1516 1518 Quodsi
1531 1447 1621 1524 igitur
1633 1446 1742 1506 nonde
1754 1448 1892 1508 omnibus

1125 1536 1327 1597 leredubitare
1340 1537 1452 1614 placet,
1480 1554 1670 1613 quaecumque
1689 1547 1756 1594 aute
1771 1537 1895 1595 Alexan·

1124 1627 1277 1685 drinorum
1306 1623 1560 1700 grammaticorum
1586 1635 1698 1681 etatem
1721 1622 1758 1682 de
1789 1626 1893 1689 talibus

1125 1716 1238 1794 prolata
1252 1727 1334 1789 sum,
1346 1713 1407 1785 jam
1425 1710 1620 1786 multomagis
1634 1711 1705 1768 artis
1718 1712 1831 1770 criticae
1847 1732 1893 1770 ra-

1125 1803 1255 1863 tionibus
1267 1803 1442 1860 conveniens
1453 1799 1489 1857 de
1499 1800 1543 1857 his
1560 1799 1601 1856 ita
1615 1810 1761 1871 statuere,
1778 1820 1845 1858 cum
1868 1803 1894 1860 in

1124 1889 1204 1949 bisce
1214 1887 1333 1968 ἀπορίαις
1342 1902 1369 1945 et
1374 1884 1476 1959 λύσεσι,
1487 1886 1640 1944 tumeliam
1651 1885 1680 1943 in
1687 1887 1896 1962 etymologicis,

1126 1999 1185 2037 uon
1205 1998 1242 2036 ex
1252 1991 1352 2035 nostro
1366 1996 1452 2036 sensu
1473 1973 1661 2050 dijudicanda
1682 1992 1745 2033 esse
1760 1975 1806 2032 vel
1823 1996 1896 2053 quae·

1128 2067 1254 2127 stionum
1280 2065 1525 2144 opportunitatem
1544 2062 1589 2119 rel
1611 2061 1761 2120 veritatem
1775 2063 1895 2122 solutio·

1128 2175 1207 2215 num.

1166 2248 1201 2301 At
1220 2243 1343 2300 minime
1359 2260 1446 2313 vero,
1467 2240 1545 2298 dicet
1568 2239 1689 2297 sortasse
1714 2237 1834 2315 aliquis,
1862 2239 1896 2296 ita

1125 2331 1350 2389 demonstratum
1365 2340 1409 2387 est
1428 2346 1530 2386 revera
1549 2347 1604 2406 pro
1618 2325 1755 2402 genuinis
1767 2325 1895 2384 habenda

1125 2438 1188 2477 esse
1200 2439 1264 2496 quae
1279 2419 1413 2476 seruntur
1427 2415 1593 2474 Aristotelis
1611 2414 1765 2473 Homerica
1778 2413 1896 2475 Proble-

1126 2518 1212 2577 mata,
1234 2505 1283 2563 sed
1304 2518 1412 2562 tantum
1431 2501 1533 2561 haberi
1553 2522 1649 2581 posse.
1676 2500 1815 2560 Libenter
1846 2501 1895 2560 hoc

1126 2593 1296 2666 concedam,
1321 2593 1392 2668 quin
1416 2605 1445 2650 et
1470 2590 1543 2649 illud
1564 2589 1700 2668 adjiciam
1726 2589 1896 2667 plerumque

1127 2684 1196 2741 satis
1208 2682 1349 2740 incertum
1364 2698 1426 2738 esse
1440 2678 1512 2756 quid
1527 2676 1591 2756 ipse
1604 2676 1894 2736 Aristotelesdixerit

1128 2772 1200 2847 quid
1216 2769 1409 2848 aPorplryrio
1420 2766 1524 2826 aliisve
1533 2765 1663 2825 additum
1675 2766 1723 2825 sit.
1737 2764 1856 2823 Accedit
1871 2778 1896 2822 et

1127 2858 1201 2915 illud
1214 2860 1293 2936 quod
1305 2857 1404 2915 eadem
1416 2854 1502 2932 plane
1515 2854 1619 2912 horum
1632 2851 1844 2930 problematum
1857 2873 1897 2910 m·

1126 2945 1167 3004 tio
1181 2946 1268 3005 fuisse
1286 2945 1402 3004 ridetur
1416 2958 1502 3021 atque
1513 2962 1615 3001 eorum
1629 2961 1694 3019 quae
1706 2941 1829 3020 physica
1852 2941 1895 3000 in-

1125 3035 1234 3113 scripta
1242 3047 1321 3108 sunt,
1333 3047 1363 3091 et
1375 3033 1492 3110 quidem
1504 3031 1582 3102 talis,
1594 3043 1626 3088 ut
1639 3031 1775 3105 genuinis
1788 3043 1816 3088 et
1831 3050 1896 3087 rere

1125 3122 1288 3182 Aristotelis
1302 3123 1385 3180 varia
1396 3119 1508 3179 orariis
1525 3119 1588 3177 sive
1603 3117 1713 3176 similia
1727 3121 1789 3176 sire
1798 3130 1825 3176 et
1840 3118 1894 3176 alia

1126 3211 1392 3289 interponerentur.
1408 3208 1500 3284 Cujus
1511 3207 1564 3279 rei,
1574 3225 1638 3284 quae
1651 3225 1704 3283 per
1715 3225 1746 3265 se
1757 3205 1818 3282 jam
1828 3208 1897 3263 satis

1124 3299 1294 3358 verisimilis
1318 3312 1371 3372 est,
1387 3297 1560 3355 documento
1574 3296 1720 3373 praecipue
1744 3294 1817 3355 illud
1837 3315 1897 3354 esse

1124 3402 1207 3465 puto,
1228 3387 1318 3465 quod,
1344 3399 1378 3443 ut
1402 3404 1489 3463 supra
1507 3383 1644 3455 vidimus,
1665 3381 1816 3441 manifeste
1841 3383 1896 3441 du-

1124 3476 1192 3554 plex
1204 3494 1304 3532 eorum
1315 3474 1480 3531 nominatur
1492 3472 1635 3544 collectio,
1645 3490 1768 3547 quarum
1780 3491 1838 3530 uua
1848 3493 1896 3531 ses

1127 3562 1227 3639 libris,
1250 3562 1340 3620 altera
1364 3580 1433 3618 vero
1446 3560 1544 3617 decem
1564 3557 1799 3617 continebantur.
1822 3560 1898 3628 Quin

1127 3664 1156 3708 et
1176 3649 1289 3725 singula
1303 3647 1482 3728 problemata
1501 3645 1641 3725 peculiari
1654 3645 1739 3704 titulo
1756 3646 1897 3724 inscripta

1127 3737 1295 3796 circumlata
1321 3752 1384 3792 esse
1411 3732 1558 3802 videntur,
1584 3744 1616 3789 ut
1636 3731 1764 3790 declarat
1787 3732 1897 3790 iuscri-

1126 3827 1188 3904 ptio
1206 3826 1238 3884 in
1250 3820 1411 3903 appendice
1426 3820 1532 3880 indicis
1547 3819 1691 3896 Anonymi
1713 3817 1753 3896 (3)
1776 3840 1784 3874 :
1811 3819 1843 3878 Et
1866 3817 1896 3885 δή

1125 3936 1188 3974 ποτε
1198 3912 1320 3992 Ὅμηρος
1334 3909 1439 3981 ἐποίησε
1450 3906 1497 3975 τὸς
1510 3906 1602 3967 Ἡλίου
1613 3910 1684 3984 βοῦς,
1696 3904 1749 3965 ubi
1761 3926 1817 3985 pro
1828 3908 1863 3977 el,
1875 3906 1900 3963 ei

1126 4000 1329 4079 corrigendum
1348 3997 1473 4068 ridetur,
1489 3996 1525 4069 si,
1541 3994 1620 4073 quod
1634 3995 1779 4072 suspicor,
1795 4013 1832 4052 ex
1844 3992 1899 4052 lroc

1124 4090 1301 4168 problemate
1308 4101 1420 4147 servata
1426 4097 1494 4144 sunt
1504 4103 1568 4162 quas
1576 4084 1677 4159 fragm.
1689 4081 1899 4158 aodleguntur.

1124 4178 1167 4236 lta
1184 4177 1253 4236 illud
1278 4189 1386 4234 tantum
1409 4173 1495 4233 modo
1508 4173 1653 4232 affirmare
1673 4171 1753 4242 licet,
1770 4184 1897 4248 tempore

1125 4287 1183 4345 quo
1198 4263 1383 4326 Andronicus
1397 4261 1522 4320 indicem
1538 4278 1622 4318 suum
1634 4257 1758 4317 coniecit
1768 4257 1900 4314 Homeri·

1125 4375 1225 4414 corum
1240 4351 1455 4411 Problematum
1467 4349 1666 4408 collectionem
1676 4346 1821 4405 exstitisse
1836 4365 1900 4422 quae

1126 4441 1272 4503 Aristoteli
1303 4436 1478 4519 philosopho
1510 4434 1703 4506 tribuebatur,
1730 4433 1805 4492 hanc
1833 4451 1899 4490 vero

1126 4530 1324 4589 collectionem
1342 4525 1504 4605 respexisse
1518 4522 1736 4600 grammaticum
1751 4521 1900 4598 antiquum

1126 4619 1210 4697 cujus
1224 4615 1391 4677 testimonio
1405 4613 1452 4673 usi
1462 4626 1529 4672 sunt
1537 4611 1722 4688 Phrynichus
1737 4621 1767 4667 et
1786 4606 1901 4666 Antiat-
1965 4629 1966 4680 3

1127 4707 1237 4766 ticistes
1263 4704 1396 4774 bekkeri,
1424 4714 1453 4760 et
1478 4700 1612 4778 quidem,
1637 4696 1718 4776 quod
1741 4695 1900 4755 notandum

1125 4807 1178 4865 est,
1191 4806 1222 4851 ut
1238 4790 1373 4850 vocabuli
1387 4809 1471 4850 usum
1486 4788 1554 4847 iude
1567 4783 1801 4865 comprobarent.
