3959 5900
771 818 996 880 venitm.-
1501 826 1537 871 ¹¹

222 954 376 1050 pretium
394 952 483 1041 erit3
506 949 607 1022 nullo
626 964 748 1022 temen
771 949 882 1023 modo
895 950 1107 1041 concedam,
1132 952 1202 1023 hoc
1219 952 1415 1024 Aristotelis
1432 953 1541 1026 silen-

222 1078 272 1148 tio
292 1076 437 1148 illorum
450 1072 626 1147 librorum
646 1073 899 1146 auctoritatem
918 1072 1090 1145 infirmari
1110 1088 1147 1146 et
1166 1073 1319 1170 infringi.
1417 1092 1423 1105 ·

271 1200 378 1272 Vides
391 1223 503 1297 quam
515 1199 639 1270 muitae
651 1221 836 1294 quamque
853 1221 975 1294 graves
988 1198 1059 1269 sint
1077 1199 1290 1294 questiones
1305 1223 1396 1294 quas
1415 1199 1453 1270 in
1474 1199 1541 1270 hac

223 1323 431 1422 prefatione
449 1322 507 1393 vix
523 1345 566 1394 nc
584 1346 630 1393 ne
654 1321 713 1393 vix
723 1321 874 1418 quidem
890 1321 1064 1417 attingere
1078 1323 1275 1419 potuimus.
1294 1322 1402 1410 Quod
1417 1323 1446 1394 si
1459 1348 1540 1421 spe·

221 1447 373 1519 randum
402 1459 469 1536 est,
498 1470 565 1518 nos
591 1469 755 1542 unquam
785 1444 889 1541 plura
919 1458 957 1518 et
982 1444 1180 1542 praesertim
1210 1447 1363 1520 certiora
1388 1447 1465 1520 sive
1494 1446 1540 1520 de
1676 1458 1680 1464 ’

221 1569 514 1643 Aristoteleorum
535 1566 714 1641 liborum
737 1566 774 1638 in
794 1552 1024 1664 'antiquitate
1059 1565 1205 1639 fortuna
1231 1559 1442 1659 habituros,
1467 1571 1541 1642 sive

197 1741 203 1754 ·
220 1696 329 1767 etiam
342 1692 389 1767 de
403 1691 490 1791 ipsis
504 1690 617 1764 initiis
632 1715 654 1762 n
675 1687 810 1786 quibus
824 1689 1009 1787 pmfectus
1025 1688 1230 1763 doctrinam
1242 1715 1344 1763 sunm
1358 1691 1540 1765 admit-an-
1612 1746 1617 1759 .

220 1817 305 1889 dnm
318 1815 530 1888 eminuerit
552 1811 806 1912 philosophus,
825 1811 872 1884 nd
891 1811 962 1885 hoc
972 1813 1062 1910 quin
1073 1814 1218 1886 maximi
1231 1818 1405 1889 momenti
1419 1815 1540 1889 futuro

221 1940 292 2011 sint
309 1940 346 2010 in
363 1964 407 2011 ea
422 1960 648 2036 quocunque
673 1934 719 2007 ad
744 1935 930 2032 deperdita
956 1936 1036 2032 ejus
1054 1938 1185 2035 scripta
1211 1939 1412 2036 pertineant
1433 1964 1536 2011 oocu-

222 2062 334 2132 rntins
366 2085 477 2159 quam
503 2058 693 2156 hucusque
714 2057 850 2129 factum
876 2072 931 2130 est
963 2059 1162 2156 inquirere,
1196 2059 1364 2157 equidem
1395 2063 1543 2133 minime

221 2183 363 2256 dubito

260 2405 427 2468 Scribebam
439 2403 631 2487 Argentomti,
644 2402 746 2464 idibus
757 2404 981 2477 Novembribus,
996 2406 1066 2466 anni
1080 2403 1322 2469 nnccetxtttt
