3959 5900
283 546 344 605 310
474 550 480 560 ‘
827 543 1071 607 snlstntutts
1092 547 1340 609 FRAGMENTA.

278 673 381 741 ὁτολις
392 674 541 740 Πίαλους
553 672 686 740 συνθεὶς
700 673 932 753 Ἀριστοτέλης
943 676 982 755 (ι)
996 675 1049 745 tti-
1103 678 1160 752 lor,
1173 679 1211 738 de
1220 681 1408 759 compilatore
1421 682 1517 760 potius
1534 682 1659 759 quodam
1672 681 1730 757 agi,
1740 701 1828 758 equam
1839 683 1872 742 de

279 769 338 823 θττο
362 766 414 822 τῶν
437 760 554 841 ἀρχαίων
577 761 622 820 καλ
643 763 763 820 παλαιῶν
789 761 913 839 ἀγώνων,
929 766 1050 825 minime
1103 769 1247 842 scriptore
1262 768 1357 845 qualis
1375 768 1542 826 Aristoteles
1561 768 1757 845 philosophus
1773 769 1835 828 luit.

278 849 399 909 dubium
413 850 563 926 relinquit,
575 848 692 927 quinab
705 851 860 909 Aristotele
870 851 1048 931 pbilosopbo
1144 856 1190 913 ad
1213 856 1274 915 baec
1294 876 1365 914 vero
1391 876 1487 934 perse
1507 858 1567 932 jam
1585 857 1656 915 satis
1679 857 1782 931 gravia
1797 861 1872 917 testi·

278 941 367 998 alium
392 938 553 1016 quendam,
577 938 662 1018 Pepli
685 953 850 1013 auctorem,
870 941 1049 1016 distinguere
1103 945 1213 1015 monia,
1229 945 1293 1002 aliae
1309 957 1450 1022 praeterea
1463 942 1601 1001 accedunt
1613 943 1751 1016 rationes,
1768 944 1872 1020 quilius

277 1026 415 1085 voluerit.
428 1028 522 1102 Auget
534 1038 563 1084 et
574 1026 728 1085 confirmat
745 1026 820 1086 hanc
838 1027 1048 1088 dubitationem
1103 1030 1233 1088 adducor
1244 1044 1276 1088 ut
1288 1031 1408 1108 Peplum
1420 1029 1563 1104 Stagiritae
1576 1029 1802 1106 alijudicandum
1813 1051 1872 1089 esse

279 1113 423 1190 pessimus
437 1114 556 1191 quidem
578 1127 690 1186 auctor,
704 1114 755 1173 sed
768 1116 799 1173 in
814 1114 897 1194 cnjus
920 1119 1048 1194 sterqui·
1102 1137 1247 1176 censeam.
1264 1118 1300 1176 Et
1314 1118 1432 1195 quidem
1448 1117 1577 1196 primum
1592 1116 1709 1175 titulum
1727 1118 1759 1175 in
1776 1118 1871 1176 indice

276 1200 352 1258 linio
361 1202 447 1278 plura
456 1201 547 1259 latent
555 1202 907 1287 reconditiorisdoctrinae
916 1206 1048 1280 vestigia.
1102 1205 1243 1281 Diogenis
1267 1205 1366 1263 deesse
1385 1204 1466 1262 nullo
1482 1204 1570 1263 modo
1587 1206 1685 1281 negari
1707 1218 1809 1283 potest.
1828 1207 1870 1264 De

275 1286 344 1365 ipsa
357 1288 448 1347 verba
464 1289 619 1366 dequibus
635 1291 742 1365 agitur,
753 1288 877 1350 ioannis
889 1291 1002 1350 Tsetzae
1017 1294 1049 1352 in
1102 1291 1156 1349 hac
1166 1311 1198 1349 re
1210 1292 1440 1350 satisinseliciter
1448 1292 1702 1352 Schneidewinum
1711 1294 1868 1371 disputasse

274 1374 440 1452 Prolegom.
456 1378 488 1435 in
501 1377 621 1438 Hesiod.
635 1381 688 1456 Op.
701 1391 729 1436 ct
748 1378 783 1440 D.
800 1398 830 1457 p.
851 1379 885 1437 15
904 1379 950 1438 ed.
963 1380 1048 1441 Gais-
1103 1393 1185 1458 puto.
1197 1380 1268 1449 Quae
1279 1382 1356 1438 enim
1368 1380 1463 1439 voluit
1472 1383 1520 1440 vir
1529 1380 1713 1440 doctissimus
1720 1382 1750 1460 (l.
1764 1384 1783 1441 1.
1792 1402 1822 1461 p.
1836 1404 1869 1440 ιο

274 1463 1046 1548 ῐοιά,ιι1ιὶ1οιιάοῑυιτἈριστοτέλης,ὁριλόσορος,
1102 1468 1174 1544 sq),
1197 1467 1343 1547 duplicem
1364 1469 1463 1546 operis
1489 1469 1578 1528 luisse
1602 1470 1717 1528 titulum
1741 1468 1870 1539 Πέαλοςῆ

230 1628 232 1633 ι
274 1552 375 1626 μᾶλλον
389 1552 411 1608 δ’
426 1542 500 1627 οἶμαι
515 1555 529 1609 ὁ
542 1549 601 1617 τοὺς
616 1549 736 1618 Πέπλους
749 1552 885 1626 συντάξας,
899 1556 925 1612 ἐν
939 1558 972 1633 τῇ
988 1555 1049 1637 ’Op-
1101 1548 1231 1614 Ἀτακτα·
1248 1552 1339 1634 βιὸλία
1353 1553 1399 1628 τά,
1412 1555 1453 1613 ita
1466 1568 1512 1627 ut,
1525 1558 1623 1634 priore
1641 1556 1761 1630 omisso,
1777 1568 1871 1634 poste·

272 1636 403 1717 χομτνίων
418 1638 562 1717 Πολιτείᾳ,
584 1639 756 1716 praeclarum
779 1640 843 1719 ejus
861 1641 915 1717 qui
931 1643 1048 1721 scripsit
1103 1644 1166 1700 rior
1195 1641 1395 1701 tantummodo
1428 1644 1505 1723 apud
1537 1644 1698 1719 Diogenem
1729 1643 1871 1701 Laertium

271 1726 390 1805 ineptiae
408 1726 612 1785 documentum
626 1727 781 1800 exhibent,
795 1730 904 1807 quippe
925 1749 1006 1806 quae,
1020 1733 1045 1790 si
1102 1728 1184 1808 (¹27l
1199 1730 1411 1803 nominaretur,
1428 1735 1483 1789 vix
1505 1730 1645 1789 credibile
1669 1731 1777 1788 efficiet
1796 1729 1871 1807 quod

270 1832 305 1871 ea
328 1832 347 1872 e
369 1813 448 1873 nudo
468 1833 555 1873 sensu
582 1816 770 1894 interpretari
796 1837 947 1890 conamur,
971 1818 1045 1878 nibil
1102 1819 1180 1895 apud
1194 1817 1312 1877 Suidam
1333 1819 1440 1893 legitur
1455 1838 1480 1881 s.
1494 1840 1526 1879 v.
1541 1817 1692 1898 Εὐφορίων,
1707 1816 1872 1897 Μοψοτίαά,

270 1901 352 1960 aliud
360 1903 535 1978 significent,
546 1923 633 1980 quam
646 1905 829 1965 Aristotelem
838 1905 1044 1984 philosophum
1101 1907 1201 1964 ἄτακτα
1213 1952 1221 1984 ,
1231 1904 1286 1985 ἔχει
1298 1905 1349 1985 γάρ
1362 1910 1501 1985 συμμιγεῖς
1511 1904 1640 1986 ἱστορίας,
1650 1926 1716 1963 cum
1727 1906 1872 1982 Anonymi

271 1988 374 2048 abillo
390 1991 442 2067 qui
457 1990 579 2050 Politias
591 2005 619 2050 et
633 1992 755 2070 Peplum
770 1995 981 2073 composuerit,
1002 1996 1045 2055 di·
1101 1988 1198 2052 indice
1210 1993 1345 2073 collatum
1360 2015 1366 2048 ι
1381 1991 1496 2052 [lirior-
1509 1991 1625 2070 περιέχει
1633 1990 1661 2049 δὲ
1672 1990 1790 2070 ἱστορίαν
1804 1989 1872 2066 σάρ-

271 2096 390 2136 νοισιιιιι
415 2079 515 2139 inisse.
538 2079 611 2147 Quae
638 2093 693 2138 tam
726 2079 852 2140 absurda
879 2094 923 2142 est
946 2085 1046 2161 opinio
1101 2104 1205 2158 μικτον.
1222 2081 1338 2159 Duplex
1354 2082 1463 2142 mentio
1478 2081 1561 2158 Pepli
1578 2099 1643 2158 quae
1665 2080 1743 2157 apud
1758 2080 1872 2157 Anony-

273 2178 389 2243 tamque
400 2167 498 2225 aliene
510 2187 528 2225 a
542 2168 631 2227 totius
648 2170 829 2247 antiquitatis
841 2190 1001 2242 consensu,
1015 2186 1046 2231 ut
1100 2189 1179 2227 mum
1194 2172 1237 2241 fit,
1258 2170 1332 2229 nibil
1346 2170 1522 2248 habetquod
1543 2170 1695 2237 miremur,
1710 2189 1803 2244 quum
1821 2169 1871 2228 dn·

270 2272 354 2329 eam,
370 2254 440 2312 licet
464 2254 553 2314 llosio
584 2256 716 2316 arriserit
734 2258 764 2335 (l.
786 2259 808 2319 l.
829 2279 858 2337 p.
885 2259 965 2333 565),
991 2280 1045 2335 ego
1099 2259 1164 2332 plex
1184 2258 1222 2314 sit
1236 2256 1301 2333 ejus
1316 2257 1405 2314 index
1421 2277 1429 2317 ι
1445 2256 1492 2316 bis
1509 2277 1580 2315 vero
1595 2256 1626 2314 in
1646 2256 1748 2313 eadem
1767 2254 1870 2314 indicis

271 2358 309 2398 ne
320 2340 433 2399 Taetzae
446 2342 564 2419 quidem
577 2345 707 2403 tribuere
719 2348 865 2407 auderem,
875 2346 952 2416 Quid
961 2366 1044 2420 vern,
1099 2355 1182 2419 parte
1195 2343 1318 2401 eundem
1332 2356 1522 2402 memoratum
1539 2364 1601 2402 esse
1619 2343 1746 2413 libram,
1759 2363 1820 2401 non
1833 2356 1872 2400 est

268 2427 296 2486 si
317 2428 406 2487 homo
432 2430 542 2489 sciolus
569 2444 656 2510 atque
681 2433 822 2493 doctrinas
852 2436 1045 2512 undecunque
1101 2451 1153 2489 cur
1176 2431 1337 2489 credamus.
1354 2434 1394 2489 De
1417 2430 1503 2491 libris
1515 2429 1649 2491 Ἀτάκτων
1673 2430 1750 2509 apud
1767 2431 1872 2506 Dioge·

269 2530 393 2594 arreptae
408 2519 611 2593 incontinens,
627 2522 765 2581 inductus
777 2523 895 2581 sortasse
906 2524 952 2580 vel
968 2544 1045 2583 men.
1100 2539 1180 2590 nem,
1196 2537 1270 2595 qnos
1286 2518 1361 2575 male
1375 2518 1531 2577 dcereimmo
1554 2517 1589 2577 ιδ’
1603 2519 1723 2575 nomine
1746 2530 1872 2576 recenset

271 2605 353 2664 tione
366 2607 504 2684 Dionysii
518 2609 820 2687 cyclographi,quam
836 2613 867 2667 in
880 2612 1044 2688 preceden-
1099 2607 1271 2684 anonymus
1301 2605 1432 2683 (sortasse
1456 2605 1634 2665 Ἀδιατάκτων
1668 2604 1785 2678 voluit,
1817 2606 1872 2663 nisi

270 2692 351 2752 tibus
369 2694 474 2754 fecerat
488 2697 538 2775 (ci.
557 2698 672 2758 Miillcr.
685 2696 800 2773 Fragm.
814 2697 889 2759 llist.
908 2718 953 2773 gr.
966 2712 988 2759 t.
1004 2700 1043 2771 11,
1099 2696 1231 2773 priorem
1244 2695 1384 2773 syllabam
1399 2696 1501 2753 malee
1515 2695 1644 2773 sequenti
1660 2695 1746 2752 titulo
1756 2697 1871 2753 Δικαιο»

270 2801 302 2861 p.
322 2802 356 2840 ro
379 2796 408 2842 et
429 2785 540 2861 Bergk,
562 2786 660 2844 Poetae
680 2790 736 2863 lyr.
758 2805 805 2861 gr.
823 2807 853 2864 p.
877 2786 934 2854 648
950 2807 980 2846 n.
995 2787 1042 2845 ed.
1100 2782 1190 2860 μάτων
1210 2797 1301 2842 ortam
1318 2784 1432 2862 putes),
1447 2784 1519 2861 quid
1540 2783 1721 2842 statuendum
1744 2785 1785 2841 sit
1804 2785 1871 2842 satis

270 2872 393 2949 tertiae),
420 2874 465 2931 vel
490 2874 569 2951 quod
592 2874 628 2932 de
651 2875 807 2955 sepulcrali
835 2874 920 2934 titulo
948 2876 1044 2951 agitur
1098 2870 1220 2929 difficile
1236 2886 1279 2930 est
1293 2872 1401 2929 dicere.
1418 2872 1485 2929 Sive
1508 2872 1602 2943 enim,
1621 2891 1686 2948 qnae
1699 2885 1743 2929 est
1756 2871 1871 2947 Berglrii

269 2978 357 3035 quem
379 2964 410 3018 in
432 2961 525 3040 Peplo
538 2983 656 3040 quoque
670 2966 795 3040 legerat,
812 2977 972 3042 temperare
985 2984 1044 3022 non
1097 2961 1239 3019 sententia
1252 2960 1360 3040 (Poetae
1372 2961 1430 3038 lyr.
1443 2981 1486 3036 gr.
1501 2981 1529 3039 p.
1544 2963 1602 3033 647
1618 2961 1690 3037 sq),
1703 2959 1754 3017 bic
1765 2961 1870 3031 timlus,

270 3048 378 3124 potuit,
389 3051 462 3124 quin
474 3051 549 3108 banc
562 3070 642 3108 suam
657 3052 728 3110 satis
740 3052 839 3131 inepto
851 3053 917 3109 loco
927 3052 1045 3110 adderet
1097 3047 1135 3105 ab
1150 3048 1202 3107 illo
1217 3048 1269 3126 qui
1284 3047 1434 3106 volumina
1447 3049 1623 3107 Aristotelea
1644 3049 1807 3119 recensuit,
1822 3047 1873 3128 τὰς

269 3136 489 3213 conjecturam?
510 3141 545 3193 In
570 3157 627 3212 qua
650 3138 725 3195 nihil
752 3142 815 3195 veri
839 3140 934 3197 inesse
956 3152 1041 3215 puto,
1097 3134 1176 3194 ditus
1186 3149 1229 3193 est
1238 3136 1454 3194 commentariis
1464 3155 1538 3212 quos
1551 3134 1638 3193 rudes
1648 3148 1677 3194 ct
1689 3135 1871 3213 imperfectos

270 3238 378 3306 praeter
405 3224 480 3283 illud
507 3237 620 3294 tannen,
648 3225 728 3301 quod
750 3224 833 3302 Pepli
858 3240 1004 3284 numerem
1027 3247 1044 3285 a
1097 3226 1254 3301 reliquerat
1267 3224 1475 3300 philosophus,
1490 3226 1600 3301 quique
1617 3227 1715 3282 varias
1732 3222 1871 3282 observa·

269 3311 446 3392 philosopho
456 3311 604 3370 diversum
616 3330 679 3369 esse
691 3310 816 3369 obscura
828 3313 952 3389 quadam
968 3314 1043 3372 fania
1097 3311 1189 3368 tiones
1215 3311 1396 3368 continentes
1419 3324 1488 3386 post
1509 3309 1573 3387 ejus
1598 3323 1720 3369 mortem
1746 3309 1871 3387 denique

266 3400 408 3460 audierat.
424 3399 510 3470 Quod
526 3413 554 3459 et
569 3399 644 3457 alius
665 3397 730 3475 ejus
751 3400 835 3458 locus
848 3413 977 3460 testatur.
999 3401 1042 3460 lta
1096 3418 1161 3455 cum
1176 3398 1242 3456 aliis
1257 3397 1405 3457 similibus
1419 3397 1531 3477 publici
1541 3411 1607 3456 sunt
1615 3398 1693 3475 juris
1705 3397 1781 3472 iacti,
1796 3397 1868 3470 sire,

265 3490 385 3549 enimin
399 3489 513 3548 Comm.
528 3488 565 3546 ad
579 3487 726 3566 Lycopbr.
742 3508 773 3546 v.
788 3489 845 3558 448
861 3486 914 3548 :‘0
925 3486 1043 3566 Ἀγκαῖος
1096 3486 1174 3561 quod
1196 3505 1249 3562 ego
1268 3486 1460 3544 verisimilius
1471 3499 1561 3563 puto,
1579 3506 1667 3563 quum
1684 3506 1700 3542 a
1715 3486 1811 3563 primo
1824 3485 1869 3541 in-

267 3577 322 3643 oile
340 3574 377 3634 ὢν
394 3579 558 3645 Ποσειδῶνος
574 3577 620 3636 καὶ
635 3575 829 3644 Ἀστυπαλαίας
853 3580 899 3649 τῆς
919 3576 1043 3644 Φοίνικος
1096 3572 1170 3632 dicis
1185 3569 1338 3632 'conditore
1361 3574 1490 3652 positum
1504 3586 1597 3645 esset,
1616 3586 1649 3630 nt
1667 3586 1760 3630 totum
1782 3590 1870 3647 geum

269 3664 407 3744 lpdrcooss
426 3664 545 3741 ἄμπελον
565 3665 634 3724 κατὰ
656 3665 892 3744 Ἀριστοτέλην
916 3664 960 3724 τὸν
983 3663 1042 3732 τοὺς
1096 3660 1240 3720 librorum
1254 3661 1429 3738 designaret,
1440 3660 1629 3719 librariorum
1644 3659 1751 3718 deinde
1772 3677 1870 3717 errore

270 3752 389 3820 Πέπλοος
406 3754 577 3824 συντάξαντα.
601 3754 667 3813 llaee
692 3755 725 3813 in
747 3754 910 3812 Samiorum
935 3752 1043 3811 Politia
1098 3749 1132 3807 ad
1145 3752 1291 3828 peculiare
1301 3748 1447 3826 quoddam
1459 3768 1534 3826 opus
1545 3749 1713 3806 translatum
1724 3759 1778 3806 est.
1787 3746 1869 3814 Quot
1968 3797 1969 3810 ,

267 3843 305 3903 dc
325 3844 424 3901 Ancaei
448 3843 618 3902 viticultura
642 3855 762 3901 narrata
783 3843 872 3901 luisse
896 3862 962 3900 cum
985 3842 1042 3900 alin
1096 3836 1121 3893 si
1144 3836 1358 3897 Schneidewini
1382 3838 1569 3908 sententiam,
1597 3837 1644 3895 cui
1672 3853 1806 3894 assensus
1829 3847 1869 3891 est

266 3931 478 4004 demonstrant,
487 3944 548 3989 tum
560 3931 721 4008 presertim
732 3930 894 3988 Heraclidis
902 3929 1044 4008 Excerpta
1096 3924 1235 3984 Millerus
1250 3926 1365 4001 Fragm.
1382 3923 1456 3984 Hist.
1469 3944 1512 3999 gr.
1536 3938 1557 3983 t.
1570 3923 1610 3997 ll,
1629 3944 1660 4002 p.
1681 3924 1748 3998 189,
1762 3921 1871 4000 proba·

266 4019 316 4098 ici.
330 4039 419 4096 supra
434 4019 537 4094 fragm.
553 4019 639 4095 567),
653 4020 694 4076 ita
707 4030 755 4087 ut,
773 4018 842 4076 licet
854 4017 984 4094 ejusdem
1000 4020 1042 4076 rei
1097 4031 1208 4085 remus,
1219 4014 1325 4072 mirum
1339 4012 1471 4092 proiecto
1481 4011 1583 4070 baberi
1593 4024 1709 4088 posset,
1723 4023 1871 4068 auctorem

265 4108 398 4185 inPeplo
419 4125 537 4184 quoque
549 4106 658 4163 mentio
675 4105 739 4164 lieri
759 4105 897 4182 potuerit,
916 4103 1042 4165 libenter
1095 4098 1165 4157 libri
1182 4105 1230 4157 cui
1244 4101 1345 4159 titulus
1359 4099 1476 4159 Ἄτακτα
1491 4101 1584 4174 soret,
1605 4098 1651 4157 bis
1670 4119 1687 4156 a
1707 4096 1809 4154 Taetze
1824 4094 1870 4154 τὸν

264 4194 459 4264 crediderim,
479 4191 528 4249 hic
552 4211 654 4250 rursus
678 4190 812 4249 Taetzem
839 4193 1042 4268 intempestive
1097 4186 1259 4255 συντάξαντα
1273 4187 1381 4246 dictum
1399 4187 1500 4246 inisse.

263 4281 403 4340 doctrina
421 4280 543 4339 abusum
558 4299 630 4339 esse.
1136 4271 1268 4333 Ceterum
1293 4295 1378 4334 nemo
1401 4287 1445 4334 est
1464 4275 1536 4352 quin
1557 4274 1656 4331 videat
1677 4273 1770 4350 ipsam
1791 4269 1869 4327 banc

306 4367 417 4426 Praeter
426 4367 499 4425 illud
515 4386 584 4425 vero
601 4364 681 4444 quod
691 4368 841 4440 bucusque
859 4368 1039 4441 notavimus,
1095 4365 1177 4443 Pepli
1187 4364 1411 4443 inscriptionem
1423 4384 1511 4441 quam
1523 4363 1694 4439 longissime
1706 4358 1743 4417 ab
1757 4357 1871 4416 Aristo·
1968 4389 1969 4416 t

266 4451 347 4510 aliud
362 4472 481 4531 quoquc
494 4468 538 4513 est
552 4454 588 4511 de
606 4473 665 4530 quo
682 4453 869 4512 consentiunt
882 4451 1042 4515 Scholiasta
1095 4453 1159 4510 telis
1169 4451 1354 4531 simplicitate
1364 4450 1536 4523 abhorrere,
1549 4469 1639 4527 quum
1651 4460 1751 4507 contra
1762 4448 1872 4524 optimc
1968 4447 1969 4522 ἶ

267 4539 405 4602 aristidis
427 4553 514 4617 atque
539 4540 669 4599 Taetzes.
694 4539 792 4610 Quum
815 4541 895 4600 enim
920 4561 980 4600 non
1006 4543 1042 4602 de
1094 4539 1249 4598 conveniat
1257 4559 1322 4598 cum
1332 4540 1527 4618 posteriorum
1538 4539 1713 4616 scriptorum
1724 4536 1754 4592 in
1762 4533 1871 4592 talibus

265 4630 369 4703 Peplo,
385 4628 453 4700 sed,
468 4629 576 4707 plurali
594 4647 727 4704 numero,
742 4628 778 4687 de
792 4633 899 4706 Peplis,
913 4631 1040 4708 loquan-
1094 4628 1219 4687 ridicula
1231 4647 1306 4706 saepe
1319 4628 1460 4704 elegantia
1476 4640 1561 4704 atque
1575 4625 1740 4685 festivitatis
1761 4621 1870 4690 studio,
1968 4685 1969 4690 ρ

266 4725 325 4785 tur,
342 4715 432 4774 totins
455 4718 553 4794 operis
575 4717 675 4794 plures
693 4717 785 4775 libros
805 4718 894 4777 luisse
911 4719 1042 4777 indicare
1093 4714 1190 4794 quod,
1214 4717 1313 4774 multis
1341 4716 1484 4793 congestis
1507 4716 1667 4793 exemplis,
1684 4731 1737 4770 nec
1759 4709 1871 4773 omisso
1968 4733 1969 4738 ¹

267 4801 416 4874 videntur,
434 4824 559 4881 quorum
574 4805 684 4881 singuli
698 4806 819 4865 sortasse
833 4807 957 4885 Peplum
978 4807 1040 4865 effi·
1093 4802 1241 4879 bocPepli
1256 4803 1385 4875 nomine,
1400 4802 1438 4860 ab
1453 4802 1530 4863 Aulo
1537 4802 1635 4860 Gellio
1649 4801 1681 4859 in
1695 4796 1873 4857 Praeiatione

267 4890 394 4951 ciebant.
409 4890 495 4961 Quod
509 4893 615 4953 deinde
630 4894 799 4953 aristoteles
811 4894 968 4953 laudaturi
980 4893 1040 4963 τοὺς
1093 4891 1228 4951 Noctium
1238 4890 1390 4949 atticarum
1401 4903 1530 4949 notatum
1540 4887 1730 4961 est.Quodad
1741 4884 1872 4946 nominis

270 4978 394 5046 Πάπλους
409 4979 533 5048 συντάξας
546 4983 611 5040 sive
625 4981 743 5055 συνθείς,
758 4981 897 5056 ostendit,
911 4982 969 5040 nisi
985 4983 1040 5041 ial-
1093 4979 1237 5054 originem
1261 4981 1380 5052 attinet,
1403 4978 1440 5038 de
1462 4998 1497 5038 ea
1520 4978 1630 5056 optime
1649 4974 1788 5034 dissensit
1805 4971 1871 5030 Jos.

1092 5067 1233 5143 Scaliger,
1249 5066 1281 5124 in
1302 5067 1385 5125 Notis
1408 5066 1444 5125 ad
1469 5066 1614 5125 &salecto
1625 5063 1745 5139 Virgilii
1759 5082 1792 5140 p.
1806 5060 1871 5128 dil:

291 5208 363 5264 mlta
373 5211 428 5256 otim
436 5212 587 5268 econlccturs
596 5214 688 5269 scripsit
693 5215 737 5261 Th.
745 5213 827 5271 Bergk,
837 5224 881 5272 pro
891 5215 925 5272 tlt
939 5215 1041 5271 πέπλους
1094 5158 1177 5227 de
1182 5157 1297 5230 peplum
1310 5158 1445 5211 Minemoe
1451 5152 1579 5226 sm
1588 5160 1617 5210 m
1628 5151 1867 5216 walhem&

262 5281 366 5343 στοας,
376 5292 448 5337 noan
465 5283 622 5340 αιιεααιαα
643 5283 791 5331 maumam
808 5282 860 5330 ωο.
877 5284 1037 5332 ιιααααιια
1090 5244 1417 5347 P¹⁶'“'⁸¹¹'²'⁶'ae,⁶⁰'”,'”
1432 5245 1710 5345 commemartt...1n
1721 5259 1756 5298 ‘⁰
1766 5245 1871 5344 W

262 5345 471 5408 souotmpector.
559 5351 564 5366 ’
1022 5360 1026 5368 ·
1093 5332 1195 5388 bantur
1218 5350 1282 5399 acu,
1306 5350 1360 5386 stre
1383 5331 1581 5387 intendantur
1599 5326 1873 5401 Timomacteoect
