3959 5900
286 492 347 551 222

283 622 342 683 rias
355 624 535 700 singularum
554 620 705 680 civitatum
729 620 950 699 conscripsisse,
968 632 1057 698 atque

282 711 322 782 ita
335 729 409 789 opus
430 708 577 787 quoddam
599 706 762 766 absolutum
783 705 980 785 omnibusque
1000 727 1058 766 nu·

283 800 370 857 meris
384 798 543 876 perlectum
557 792 742 866 condidisse,
754 793 802 853 cui
817 813 915 871 quaeso
926 815 988 855 non
1001 795 1058 854 mi·

283 912 346 951 rum
358 891 523 966 ridebitur,
545 909 689 969 nusquam
712 889 789 968 apud
804 889 941 968 antiquos
954 890 1055 969 philo-

281 981 365 1059 sophi
399 981 570 1059 interpretes
599 981 631 1038 in
666 997 787 1058 operum
813 980 1054 1039 Aristoteleornm

282 1069 428 1128 divisione
454 1069 508 1145 (cf.
526 1068 619 1127 David
644 1072 674 1129 in
695 1070 794 1143 Categ.
811 1088 842 1146 p.
859 1077 909 1141 st,
921 1072 956 1141 A,
977 1088 1016 1127 so
1030 1082 1059 1128 et

283 1171 420 1234 praeterea
461 1158 654 1230 Ammonius,
695 1156 884 1235 Simplicius,
926 1156 1056 1217 loannes

285 1245 491 1323 Philoponus),
507 1246 626 1304 Politias
645 1265 710 1304 cum
722 1244 861 1324 Epistolis
881 1256 911 1302 et
924 1244 1056 1321 Dialogis

281 1333 357 1391 inter
380 1351 430 1390 eos
452 1331 545 1392 libros
567 1333 731 1402 nominari,
757 1332 809 1408 qui
833 1332 1005 1391 dilucidiori
1028 1346 1058 1391 et

281 1419 451 1494 elegantiori
466 1422 544 1498 stylo
565 1441 652 1498 quam
675 1421 762 1478 ceteri
782 1419 940 1497 conscripti
956 1422 1058 1479 erant?

283 1506 361 1576 Quin
371 1507 755 1586 etilludsuspicarilicetne
764 1506 825 1564 suis
834 1505 952 1583 quidem
960 1506 1058 1566 verbis

282 1612 397 1673 semper
409 1601 492 1653 usum
507 1594 595 1655 fuisse
604 1595 800 1669 Aristotelem,
816 1593 939 1672 sedquae
953 1596 1057 1655 sivein

283 1680 411 1758 publicis
424 1683 618 1741 monumentis
635 1686 698 1742 sive
720 1683 753 1740 in
766 1682 890 1740 aliorum
908 1681 995 1741 libris
1009 1683 1056 1741 in·

281 1781 417 1839 venerat,
439 1769 586 1845 quomodo
603 1768 640 1827 ab
655 1769 715 1828 illis
729 1768 894 1846 conscripta
907 1782 1003 1842 erant,
1026 1771 1057 1827 in

281 1876 333 1914 sua
347 1869 484 1934 excerpta
497 1857 642 1917 retulisse.
664 1857 718 1919 cui
744 1857 787 1915 rei
804 1858 979 1915 documento
994 1877 1058 1917 esse

281 1957 416 2022 poterunt
438 1944 598 2022 fragmenta
623 1949 658 2003 16
678 1958 707 2003 et
728 1964 774 2020 17,
794 1945 952 2022 inquibus
977 1945 1055 2005 haud

279 2053 371 2111 pauca
380 2034 570 2092 inveniuntur
578 2034 681 2093 iisdem
689 2054 771 2113 paene
782 2032 883 2092 verbis
897 2033 1052 2113 descripta,

280 2120 389 2199 quibus
407 2132 436 2180 et
454 2120 531 2199 apud
551 2120 729 2180 Herodotum
754 2122 900 2196 leguntur.
923 2121 1007 2180 Adde
1027 2135 1055 2179 et

279 2208 372 2279 illud,
397 2209 476 2286 quod
500 2210 576 2267 inter
597 2207 804 2283 ὑπομνηματικιί
829 2208 938 2285 νοτίοιο
956 2228 1073 2267 recen·-

281 2309 380 2354 sentur
390 2294 516 2367 Politia,
535 2296 612 2354 unde
621 2296 714 2374 qualis
727 2314 825 2353 earum
839 2293 952 2354 indoles
966 2296 1055 2355 fuerit

280 2382 349 2439 satis
366 2382 519 2459 perspicue
546 2380 717 2441 declaratur.
741 2380 806 2440 Non
834 2381 899 2439 sine
925 2382 1051 2458 quodam

276 2466 345 2542 jure
359 2468 459 2542 igitur,
473 2468 596 2527 Politian
609 2512 618 2540 ,
629 2469 708 2547 qnod
723 2468 758 2527 ad
779 2469 899 2526 sormam
913 2482 943 2526 et
955 2469 1056 2548 dispo·

279 2555 414 2612 sirionem
428 2567 546 2632 spectat,
559 2575 624 2613 cum
638 2554 855 2614 Problematum
878 2555 963 2615 libris
983 2578 1053 2616 con-

279 2641 348 2699 iersi
372 2642 452 2702 licet.
478 2643 573 2712 Quare
594 2644 619 2701 si
645 2642 731 2702 nobis
754 2643 949 2703 nominandus
978 2658 1055 2704 esset

281 2727 365 2805 liber,
387 2749 472 2808 quem
493 2731 628 2810 proxime
646 2731 682 2789 ad
703 2731 819 2790 illarum
833 2731 1054 2791 similitudinem

282 2817 418 2877 accedere
432 2831 610 2897 putatemus,
626 2820 663 2879 de
672 2819 753 2878 nullo
766 2819 849 2898 prius
861 2821 1055 2899 cogitaremus

281 2923 367 2981 quam
379 2905 416 2965 de
426 2907 573 2968 Plutarchi
586 2911 787 2983 Quoestionihus
796 2916 907 2987 groecr's,
921 2926 1054 2988 quarum,

279 3005 311 3050 ut
325 3008 354 3052 et
362 2994 418 3053 hoc
430 2996 546 3070 addam,
555 2998 625 3057 satis
635 3017 739 3074 magna
750 3015 819 3077 pars
831 3016 869 3055 cx
878 2997 1054 3058 Aristoteleo

236 3127 249 3150 ,
281 3099 369 3158 opere
385 3084 537 3161 desumpta
550 3100 602 3145 est.

320 3165 352 3223 Si
363 3168 463 3244 quales
482 3171 628 3241 diximus,
645 3172 733 3229 fnisse
744 3171 894 3229 censendae
911 3185 979 3230 sunt
989 3171 1053 3229 Po-

277 3253 362 3325 titis,
389 3254 466 3313 baud
493 3257 650 3316 difficulter
681 3256 878 3336 perspicietur
904 3255 1052 3332 quomodo

278 3341 467 3417 intelligenda
480 3345 547 3417 sint,
570 3365 634 3422 quac
655 3343 691 3403 de
713 3363 812 3403 earum
827 3342 960 3401 ordines
976 3363 1050 3402 non·

278 3427 367 3487 nullis
391 3429 497 3488 tradita
518 3444 595 3491 sunt.
618 3431 703 3501 Quod
729 3431 888 3488 enimcum
906 3429 1050 3489 allavidc

277 3517 308 3574 in
322 3515 418 3593 Categ.
432 3540 462 3597 p.
480 3528 528 3590 nt,
543 3527 582 3591 A,
595 3518 644 3591 35,
656 3532 717 3578 tum
728 3517 766 3577 ab
778 3521 932 3596 Anonymo
946 3520 1052 3597 saepius

276 3603 336 3679 jam
355 3605 471 3664 laudato
483 3607 660 3684 affirmatur,
679 3604 748 3666 κοιτίι
762 3604 833 3674 τοίξιν
846 3609 898 3665 τῶν
914 3607 1052 3686 στοιχείων

277 3693 339 3749 sive
351 3694 420 3751 sach
435 3696 563 3774 στοιχεῖον
576 3696 731 3772 dispositas
749 3695 840 3753 fuisse
856 3694 997 3766 Politias,
1013 3697 1045 3754 id

278 3780 446 3855 longissime
460 3782 577 3854 absum,
599 3796 631 3839 ut
648 3803 713 3840 cum
731 3782 820 3841 hosio
836 3784 875 3841 ita
897 3783 1049 3860 accipien-

276 3867 344 3924 dum
367 3888 429 3928 esse
454 3889 603 3942 censeam,
628 3873 713 3948 quasi
738 3871 847 3930 efalsa
874 3873 1050 3949 interpreta-

278 3955 357 4013 tione
377 3957 455 4014 rituti
484 3959 613 4016 πολιτεῖαι
627 3956 697 4016 κατὰ
722 3966 849 4036 στοιχεῖον
876 3959 930 4037 psq'
950 3972 1048 4018 ortum

275 4055 360 4102 esset.
378 4040 476 4121 Neque
489 4064 535 4103 nse
544 4045 660 4121 fugiunt
670 4065 735 4123 quae
749 4045 784 4102 ad
792 4045 949 4104 satietatem
960 4065 1051 4122 usque

277 4147 439 4209 recoquunt
463 4135 576 4212 antiqui
602 4133 771 4212 philosophi
795 4135 985 4211 interpretes,
1014 4135 1051 4191 de

276 4238 357 4278 more
380 4221 490 4280 scilicet
513 4222 774 4302 Peripateticorum
801 4222 933 4296 singulos
958 4220 1051 4279 libros

276 4308 436 4366 litterarum
460 4309 607 4387 alphabeti
621 4311 708 4384 serie,
723 4329 782 4367 non
801 4311 895 4385 signis
909 4329 1047 4367 numero·

276 4417 339 4455 rum
361 4398 542 4474 designandi.
563 4398 660 4458 Fuerit
688 4399 728 4455 ita
759 4398 961 4470 Andronicus,
979 4417 1049 4455 con-

275 4486 362 4557 cedo,
384 4487 490 4547 indicis
511 4507 598 4547 verus
618 4498 730 4557 auctor,
748 4487 833 4544 talem
849 4502 961 4542 morem
975 4504 1047 4543 nus-

276 4591 361 4649 quam
377 4576 527 4650 agnoscit,
554 4575 594 4633 ita
608 4586 680 4632 utet
700 4571 750 4631 hic
766 4585 795 4631 et
808 4573 881 4632 alias
894 4572 1000 4650 sepius
1014 4571 1050 4632 de

276 4661 468 4738 dispositione
502 4662 660 4723 secundum
690 4660 851 4719 litterarum
900 4658 1046 4738 alphabeti

276 4747 410 4806 ordinem
445 4750 629 4827 cogitandum
659 4748 706 4806 sit.
734 4747 768 4806 ln
789 4768 849 4807 una
881 4760 1048 4806 tantumre

276 4836 403 4894 incertus
416 4834 523 4898 haereo.
540 4836 645 4896 Utrum
655 4835 767 4895 scilicet
782 4836 832 4894 liic
849 4834 1047 4912 alphabeticus

277 4923 350 4982 ordo
369 4924 406 4982 ad
427 4924 530 4981 seriem
551 4924 751 4984 tantummodo
764 4924 937 4982 Politiarum
953 4920 1045 4997 perti·

278 5015 390 5086 nuerit,
412 5032 459 5082 sn,
475 5030 540 5088 quae
553 5012 705 5088 Bernaysii
721 5024 765 5070 est
778 5009 955 5086 conjectura,
971 5007 1047 5066 intra

278 5101 407 5178 singulas
434 5115 563 5177 quasque
599 5099 722 5158 Politias
746 5097 918 5158 observatus
946 5094 1043 5152 luerit⁴

276 5188 362 5257 Quod
386 5191 424 5260 si,
439 5200 544 5267 prseter
561 5205 673 5262 eaquae
686 5205 774 5264 supra
795 5185 856 5263 jam
883 5182 1039 5240 Zoicorum

277 5278 430 5337 occasione
439 5274 548 5334 anobis
559 5273 636 5333 dicta
650 5287 729 5348 sunt,
739 5273 937 5349 illudquoqne
948 5269 1047 5347 explo-

824 486 1072 548 Antsrornsts
1093 488 1328 552 FRAGMENTA

1113 635 1205 681 ratum
1221 622 1371 696 habemus,
1387 626 1470 683 talem
1484 624 1616 683 ordinem
1628 621 1680 682 vix
1693 622 1756 702 ipsi
1772 622 1888 681 Aristo·

1112 711 1160 769 teli
1168 711 1355 770 tribuendum
1366 712 1502 786 esse,sed
1512 724 1609 791 postea
1618 711 1747 783 illatum,
1762 711 1817 768 vix
1826 711 1885 768 ulls

1111 799 1273 859 remanebit
1283 799 1438 872 dubitatio,
1457 800 1529 878 quin
1538 813 1695 876 utrumque
1704 796 1883 856 commodis·

1111 886 1185 946 sime
1199 888 1302 947 iacmtn
1317 906 1379 947 esse
1395 888 1528 967 potuerit.
1552 886 1587 945 Et
1602 884 1736 965 quidem,
1754 885 1838 964 qnod
1850 887 1884 944 ad

1111 977 1203 1052 ipsam
1217 977 1320 1035 seriem
1336 977 1507 1035 Politiarum
1519 987 1648 1055 spectat,
1662 973 1881 1033 observandum

1111 1078 1154 1124 est
1168 1065 1388 1125 Atheniensium
1411 1065 1547 1124 Politism
1562 1064 1648 1123 semel
1662 1063 1706 1121 its
1718 1063 1800 1142 apud
1812 1063 1884 1121 llar-

1111 1153 1309 1231 pocrationetn
1324 1153 1426 1212 afferri
1439 1173 1462 1211 s.
1483 1173 1514 1212 v.
1534 1149 1711 1229 Θεσμοθέτοιι,
1727 1150 1785 1231 Ἀρ.
1805 1152 1879 1230 ivr]

1111 1241 1136 1297 α’
1150 1239 1292 1314 Ἀθηναίων
1304 1239 1441 1321 πολιτείᾳ,
1456 1259 1547 1320 quum
1562 1239 1639 1319 apud
1656 1239 1794 1298 Photium
1810 1259 1835 1299 s.
1852 1260 1878 1298 v.

1112 1330 1246 1403 Σκοτιίλη,
1260 1328 1315 1409 Ἄρ.
1327 1332 1400 1410 ε’ντῇ
1415 1328 1571 1401 Ἰθακησίων
1585 1326 1705 1409 πολιτείᾳ
1720 1326 1768 1403 μθ
1786 1328 1882 1386 lande·

1111 1429 1166 1479 tur.
1179 1417 1306 1496 Uterque
1315 1437 1463 1488 numerus,
1477 1436 1563 1496 quem
1574 1414 1719 1494 Didymus
1729 1430 1877 1493 posuerat,

1110 1524 1127 1563 e
1144 1525 1203 1583 quo
1216 1505 1383 1565 snababent
1395 1505 1606 1584 Harpocration
1619 1516 1648 1562 et
1660 1502 1799 1573 Photius,
1815 1504 1880 1562 satis
1964 1572 1965 1579 ἵ

1110 1592 1185 1652 bene
1194 1614 1259 1653 cnm
1268 1594 1450 1675 alphabetico
1461 1593 1565 1652 ordine
1574 1592 1721 1669 congruit,
1734 1592 1878 1669 siquidem

1111 1680 1261 1741 civitatum
1302 1682 1518 1761 praecipuarum
1551 1680 1656 1739 seriem
1691 1678 1879 1755 conjectando

1109 1770 1235 1847 expleas.
1259 1771 1355 1829 illinus
1377 1770 1452 1829 iavet
1479 1769 1661 1849 alphabetico
1683 1766 1785 1826 ordini
1807 1769 1879 1825 intra

1110 1856 1240 1933 singulas
1251 1859 1373 1918 Politias
1384 1858 1549 1929 observato,
1559 1859 1640 1934 quod
1649 1856 1709 1915 alio
1723 1856 1792 1915 loco
1806 1855 1878 1934 apud

1110 1944 1367 2024 llarpocrationem
1394 1967 1417 2007 s.
1437 1969 1465 2007 τ.
1492 1944 1589 2023 Μύριοι
1617 1948 1644 2004 ἔν
1668 1945 1783 2022 Μεγάλῃ
1809 1944 1878 2001 sols

1110 2033 1230 2112 tegitur,
1255 2035 1307 2094 ubi
1331 2035 1501 2093 Austomtes
1530 2053 1592 2095 rem
1616 2033 1751 2109 mugisse
1772 2032 1878 2091 dieitur

1110 2120 1253 2200 ἀρχόμενος
1265 2127 1312 2182 τοῦ
1327 2122 1438 2202 βιὸλίοο.
1461 2122 1597 2198 Singulas
1611 2135 1742 2180 ceterum
1761 2118 1877 2179 Potitiis
1964 2152 1965 2155 =

1109 2227 1126 2266 e
1140 2211 1231 2270 variis
1252 2212 1396 2290 capitibus
1410 2211 1584 2290 compositas
1598 2209 1688 2269 fuisse
1701 2209 1819 2285 egregie
1832 2210 1878 2266 dc·
1964 2268 1965 2291 ,

1109 2311 1271 2357 monstrare
1280 2298 1397 2358 videtur
1411 2320 1475 2377 quae
1486 2299 1574 2358 semel
1590 2297 1667 2376 apud
1682 2296 1822 2355 Photium
1837 2300 1876 2354 le-

1108 2385 1189 2459 gitur
1200 2388 1309 2444 mentio
1318 2406 1345 2447 s.
1360 2408 1391 2447 v.
1410 2385 1587 2466 Nauspspls:
1603 2385 1655 2446 ’Es
1669 2388 1718 2456 τῆς
1733 2384 1875 2464 Ἀριστοτέ-

1108 2473 1169 2539 λους
1182 2471 1210 2530 ὅν
1223 2472 1319 2552 τρόπον
1329 2472 1428 2542 διέταξε
1440 2472 1488 2545 τὴν
1500 2473 1576 2533 stilus
1592 2472 1718 2550 omos,
1733 2493 1799 2551 quae
1810 2474 1876 2550 quid

1108 2560 1189 2619 aliud
1203 2579 1265 2619 esse
1279 2562 1387 2640 poterit
1401 2582 1487 2639 qnam
1507 2561 1652 2639 longioris
1665 2560 1819 2638 cujusdam
1832 2583 1875 2619 ca·

1108 2650 1180 2728 pitis
1195 2650 1371 2729 inscriptio,
1387 2669 1441 2727 ego
1460 2670 1521 2710 non
1542 2649 1701 2728 perspicio.
1720 2649 1794 2708 Inde
1808 2669 1874 2707 vero
1964 2654 1965 2723 ι

1111 2738 1229 2797 frotasse
1243 2740 1348 2797 iactum
1366 2751 1410 2797 est
1426 2751 1457 2796 ut
1472 2752 1530 2796 tota
1543 2738 1604 2795 haec
1619 2736 1779 2815 disputatio
1792 2738 1824 2796 in
1840 2752 1876 2795 ta·
1964 2758 1965 2763 ¹

1108 2824 1192 2886 bulas
1206 2830 1290 2905 quasi
1304 2827 1461 2906 peculiaris
1478 2826 1556 2884 liber
1567 2825 1737 2897 referretur,
1753 2826 1832 2904 quod
1845 2828 1874 2884 in
1964 2830 1965 2839 ’

1107 2914 1200 2974 altero
1212 2916 1310 2975 indice
1318 2916 1463 2992 Anonymi
1475 2914 1581 2974 iacttnn
1593 2926 1647 2986 est,
1655 2926 1684 2973 et
1692 2915 1813 2992 quidem
1826 2916 1875 2974 hoc
1964 2936 1965 2980 g

1108 3004 1214 3062 titulo:
1229 3002 1290 3082 περὶ
1304 3006 1357 3062 τῶν
1369 3003 1488 3071 {uhu-soc
1501 3001 1608 3071 ἀξόνων.
1626 3006 1669 3060 De
1678 3002 1724 3062 his
1739 3023 1810 3061 vero
1818 3003 1874 3079 jam

1107 3091 1256 3150 sufficiunt
1268 3112 1333 3170 quae
1347 3091 1423 3150 dicta
1437 3104 1513 3151 sunt.

1148 3184 1191 3237 De
1214 3180 1271 3237 alia
1286 3180 1348 3256 jam
1376 3178 1535 3238 videndum
1560 3179 1616 3237 erit
1645 3177 1820 3255 quaestione,
1842 3178 1876 3236 de

1108 3285 1230 3325 numero
1254 3268 1365 3326 scilicet
1397 3267 1570 3326 l'olitiarum
1600 3285 1687 3344 quern
1715 3267 1805 3325 aliurn
1828 3267 1874 3324 alii
1964 3293 1965 3302 ι

1107 3355 1246 3417 indicant.
1270 3355 1378 3416 Earum
1405 3376 1638 3435 unamquamque
1662 3355 1779 3432 singulo
1802 3354 1874 3415 libro
1964 3377 1965 3422 1

1106 3445 1168 3503 sire
1190 3445 1341 3504 volumine
1355 3446 1520 3505 constitisse
1540 3465 1606 3503 cum
1619 3463 1685 3522 quae
1700 3444 1790 3502 modo
1802 3457 1874 3502 um·

1104 3530 1193 3590 limus
1220 3532 1458 3611 llarpocrationis
1494 3530 1602 3606 verbs,
1639 3545 1699 3588 tum
1733 3530 1875 3590 Ciceronis
1964 3597 1965 3620 ,

1106 3619 1245 3693 indicant,
1258 3619 1295 3679 de
1310 3620 1476 3679 Dicaearcho
1484 3622 1526 3678 ita
1539 3618 1694 3678 scribentis
1704 3618 1825 3697 Epistol.
1841 3619 1873 3676 ad
1964 3623 1965 3636 ³

1106 3708 1193 3770 Attic.
1210 3706 1250 3780 ll,
1270 3708 1495 3779 οεΠελληνοίων
1517 3710 1569 3785 (sc.
1580 3704 1731 3783 πολιτείαν)
1747 3714 1777 3763 in
1787 3715 1873 3764 mani-

1104 3799 1154 3853 bus
1165 3796 1302 3866 terrebaris,
1313 3811 1341 3854 et
1356 3798 1450 3854 hercle
1460 3816 1591 3873 magnum
1611 3816 1738 3851 acerram
1751 3800 1873 3852 Dicoenr·

1103 3886 1151 3940 chi
1162 3887 1233 3942 milri
1243 3890 1405 3962 antepedes
1421 3898 1614 3942 cucurreram
1688 3881 1830 3963 Κορινθίων
1849 3899 1874 3939 et

1107 3970 1253 4043 Ἀθηναίων
1273 3988 1341 4050 puto
1356 3994 1400 4031 me
1420 3978 1518 4030 ttomoe
1537 3974 1654 4040 habere,
1680 3983 1740 4029 tum
1763 3972 1874 4029 demum

1104 4058 1202 4118 tabula
1211 4061 1241 4118 in
1259 4061 1381 4139 AEgypto
1391 4081 1486 4140 nuper
1498 4072 1623 4137 reperta,
1640 4078 1706 4136 quae
1717 4061 1793 4117 inter
1803 4059 1874 4117 alios

1104 4149 1268 4226 complures
1288 4147 1432 4208 librorum
1453 4148 1564 4220 titulos,
1577 4146 1744 4206 Aristotelis
1761 4165 1874 4224 quoque

1104 4235 1323 4295 Atheniensium
1336 4238 1467 4315 politiam
1484 4248 1613 4295 recenset
1632 4235 1783 4313 aliamque
1798 4255 1873 4313 pra·

1105 4337 1189 4395 terea,
1206 4325 1291 4401 cnjus
1318 4338 1413 4383 tamen
1434 4344 1539 4382 nomen
1563 4322 1633 4381 satis
1652 4335 1733 4382 certo
1751 4321 1871 4380 indicari

1103 4415 1214 4490 nequit.
1232 4413 1273 4492 (ι)
1289 4414 1331 4472 De
1345 4413 1516 4486 Politiarum
1531 4430 1653 4471 numero
1670 4413 1749 4470 inter
1762 4432 1793 4471 se
1803 4431 1870 4469 con·

1104 4511 1231 4570 sentiunt
1246 4511 1391 4588 Diogenes
1408 4509 1542 4570 Laertius
1552 4524 1581 4569 et
1600 4512 1786 4588 Anonymus,
1803 4528 1870 4588 qno·

1130 4710 1158 4759 (t)
1178 4705 1213 4753 Cl.
1237 4708 1333 4754 Zilndcl.
1358 4708 1405 4753 sss
1428 4709 1587 4755 Griechisrlter
1614 4707 1806 4764 amiciantur
1831 4719 1871 4751 ass

1102 4767 1228 4821 sappus,
1241 4768 1267 4813 in
1282 4769 1482 4814 sternamus·
1496 4783 1521 4815 s.
1536 4770 1607 4825 rotae
1620 4771 1639 4814 t.
1654 4768 1716 4823 m,
1728 4780 1752 4824 p.
1765 4773 1807 4813 tas
1819 4778 1869 4823 sou.

1102 4829 1128 4873 tn
1138 4828 1216 4883 onore
1222 4828 1331 4875 columns
1338 4831 1372 4877 its
1379 4830 1464 4887 legitur
1474 4843 1481 4875 ε

1102 4930 1127 4961 v·
1142 4922 1182 4961 ¹²2
1193 4916 1389 4982 Ἁρι]στο..τέλοιις
1400 4918 1523 4978 Ἀθηναίων
1537 4921 1651 4979 πολιτείας

1103 5003 1126 5034 ν.
1138 4995 1165 5036 22
1176 5002 1182 5031 τ
1194 4989 1360 5053 ’λριοτοτιλονς
1365 4988 1473 5040 πολιτεία
1479 5007 1580 5041 νεοπο...

1128 5084 1241 5131 Tabulam
1252 5093 1314 5128 anno
1322 5089 1414 5130 waso
1427 5089 1481 5141 post
1489 5086 1608 5133 christum
1624 5090 1706 5134 natum
1718 5090 1871 5146 conscriptam

1101 5160 1149 5194 esse
1161 5146 1276 5192 existimat
1294 5145 1374 5190 cultor.
1391 5147 1454 5192 Inter
1467 5149 1602 5193 Pollttsrum
1620 5160 1679 5205 quos
1691 5150 1800 5195 novimus
1815 5151 1868 5194 tttu·

1102 5215 1148 5264 tos,
1168 5208 1255 5264 optime
1275 5208 1383 5253 conrenlt
1395 5218 1448 5254 curn
1471 5210 1558 5256 ultimis
1580 5212 1749 5277 Ἀριστοτέλους
1767 5212 1871 5262 πολιτεία

1102 5282 1256 5334 Ὀπουντίων.
