3959 5900
261 474 300 533 34
807 467 1053 529 ARISTOTELIS
1075 467 1323 534 FRAGMENTA.

263 601 477 706 παραδείγματος
502 598 648 677 (Meiaph.
674 600 703 671 l,
724 621 755 677 9,
784 597 838 678 8),
864 584 1037 678 μεταφορικδν
1091 587 1696 679 μεκρίινῆνεοῶάκολουθεῖν,ιείνί,ειεεσίοαιε
1707 600 1787 679 jure,
1800 615 1862 661 ante

262 690 325 749 αὐτὸ
335 692 418 766 λεγων
432 686 477 747 καί
488 688 579 767 πολλῷ
592 689 691 765 μᾶλλον
706 688 769 766 πρδς
781 686 812 746 rh
824 686 910 766 δόγμα
922 686 1038 766 μάχεται
1093 692 1118 747 ἐν
1132 689 1184 756 τοῖς
1198 691 1329 771 φυσικοῖς,
1343 691 1369 747 ἐν
1384 697 1437 756 τοῖς
1451 686 1519 766 ptri
1532 687 1565 747 τθι
1584 686 1682 769 φνσιιεθ
1701 689 1794 748 inseri
1815 710 1863 749 vu·

261 779 307 835 καὶ
322 776 411 843 ἅπλῶς
422 774 453 835 τδ
466 774 512 842 τάς
527 775 599 843 ἰδίας
613 774 717 852 εἰσάγον
728 774 773 833 καί
785 774 957 855 διαφερόντως
971 773 1036 853 πρὸς
1093 778 1149 838 luit
1168 779 1358 857 Bernaysius,
1373 779 1394 839 l.
1412 779 1432 836 l.
1456 798 1488 856 p.
1510 779 1565 849 td,
1580 797 1686 855 quum,
1702 790 1735 835 ut
1758 778 1863 838 citandi

261 865 291 924 εδ
304 866 442 944 αθτυζὸζνυν,
456 865 491 931 ῶς
504 864 531 923 ἰν
546 868 579 943 τῇ
595 861 673 923 Μετθ
686 863 719 921 τὰ
733 862 843 924 Φυσικὰ
856 861 1040 943 [πραγματείᾳ
1095 867 1198 926 modus
1225 866 1424 926 demonstrare
1450 859 1578 936 videtur,
1605 885 1622 922 e
1646 864 1790 943 scriptore
1815 885 1864 925 sua

262 954 345 1030 scil.)
365 952 479 1033 γε’γρειφε
502 949 584 1030 (Vll,
603 953 649 1022 16,
666 956 708 1023 γ).
724 949 778 1010 Καὶ
799 949 942 1009 κινδυνεύει
955 948 1038 1027 μηδὲν

262 1040 343 1106 οὕτως
362 1038 457 1117 θάνὴρ
479 1040 574 1107 ἐκεῖνος
588 1037 802 1110 άποττοιήαασθαι
821 1041 875 1097 τῶν
891 1037 1037 1104 Πλάτωνος

261 1131 296 1195 ὡς
316 1128 364 1200 τὴν
387 1130 438 1185 τῶν
460 1128 535 1186 ἰδεῶν
558 1128 680 1186 ὑπόθεσιν
703 1128 733 1186 οὗ
757 1124 834 1204 μόνον
877 1127 905 1185 ἐν
927 1114 1040 1204 λογικοῖς

262 1217 440 1296 τερετίσματα
455 1214 489 1274 sir
503 1214 559 1287 είδη
575 1217 663 1274 καλῶν
685 1214 787 1293 (anat.
815 1225 921 1293 poster.
937 1209 965 1284 l,
985 1231 1035 1273 aa.

263 1306 281 1382 S
296 1304 341 1383 8),
355 1303 424 1364 άλλδι
435 1301 481 1363 καί
492 1304 519 1362 ἐν
528 1301 643 1368 Ἠθικοῖς
654 1301 731 1382 [Eth.
745 1301 809 1359 iiic.
825 1300 850 1373 i,
864 1297 915 1376 θ),
931 1296 995 1378 πρδς
1006 1297 1036 1356 τδ

263 1392 425 1470 αὐτοαγαθόν
440 1390 643 1471 διαμαχόμενος,
658 1391 703 1448 καί
717 1390 744 1447 ἰν
759 1387 888 1453 Φυσικοῖς
902 1388 949 1445 οδκ
959 1384 1037 1454 ἀξιῶν

262 1479 309 1547 τάς
322 1482 433 1558 γενέσεις
447 1482 483 1547 εἰς
496 1478 543 1545 τδις
562 1477 632 1544 ἰδίας
650 1476 805 1558 ἀναφέρειν,
820 1479 856 1542 ῶς
870 1478 897 1534 ἰν
910 1478 964 1544 τοῖς
977 1460 1038 1555 περὶ

263 1572 285 1630 Γ
286 1568 393 1635 ενέσεως
402 1567 474 1646 λέγει
484 1566 530 1626 καί
542 1568 648 1645 Φθορᾶς
660 1564 713 1644 lli,
720 1566 762 1643 9),
771 1564 817 1623 καί
826 1563 854 1622 ἰν
867 1567 900 1642 τῇ
916 1561 1039 1622 Μετὰ-τά

270 1654 368 1735 φυσικίι
391 1655 482 1734 πολλῷ
504 1651 600 1731 πλέον,
615 1652 660 1710 άτε
684 1652 745 1732 περί
766 1654 818 1710 τῶν
835 1653 924 1731 άρχῶν
948 1674 1040 1730 πραγ-

267 1742 457 1820 ματευόμενος,
468 1741 513 1800 καί
528 1741 687 1807 κατατείνων
699 1737 804 1820 μακρθις
817 1738 975 1818 κατηγορίας
987 1742 1039 1798 τῶν

264 1835 357 1905 ἰδεῶν,
373 1830 465 1898 ἐντοῖς
481 1827 610 1909 πρώτοις,
626 1830 652 1886 ἐν
667 1829 721 1894 τοῖς
734 1826 833 1905 μίσοες,
850 1828 877 1885 ἐν
889 1834 940 1892 τοῖς
952 1826 1040 1884 πελεν·

262 1920 346 1987 ταίοις
361 1923 409 1990 τῆς
422 1916 605 1999 πραγματείας
616 1916 725 1989 ἐκείνης,
740 1916 785 1975 καί
795 1918 821 1975 ἐν
831 1923 885 1983 τοῖς
898 1913 1039 1991 Διαλόγοις

265 2009 418 2088 σαφέστατα
437 2004 572 2087 κεκραγὼς
583 2005 620 2082 μὴ
637 2003 763 2065 δύνασθαι
774 2007 813 2084 τῷ
828 2002 939 2082 δόγματι
953 2001 1037 2082 τούτῳ

263 2097 420 2175 συμπαθεῖν,
449 2093 499 2153 κάν
527 2118 565 2161 τις
584 2092 662 2152 αὐτὸν
687 2091 775 2164 σίηταε
801 2090 845 2151 δεδι
879 2087 1037 2172 φιλονεικίαν

264 2184 419 2262 ἀντιλέγειν.
436 2211 449 2234 ι
469 2181 549 2243 Οὕτω
565 2179 611 2240 καί
623 2184 637 2239 ὁ
651 2180 771 2259 Πρόκλος
784 2181 942 2258 λαμπρξτῇ
967 2181 1040 2257 φωνῇ

262 2272 312 2343 τὴν
322 2269 465 2351 διαφωνίαν
480 2270 532 2326 τῶν
547 2267 695 2347 φιλοσόφων
709 2265 889 2343 ὡμολόγηκεν.

306 2358 379 2416 ilinc
420 2375 455 2413 ea
488 2355 609 2413 sortasse
647 2354 832 2413 illustrantur
863 2373 928 2430 que
961 2355 1038 2432 apud

263 2445 386 2503 eundem
400 2442 544 2501 ioannem
558 2441 753 2519 Philoponum
761 2483 772 2513 ,
789 2442 837 2500 cui
851 2441 907 2500 hoc
922 2443 1040 2518 insigne

267 2533 363 2593 Procli
375 2531 575 2591 testimonium
584 2529 718 2601 debetur,
727 2530 860 2606 legimus,
874 2529 906 2586 in
918 2528 1038 2586 Aristot.

268 2621 385 2699 rinalyt.
411 2634 488 2699 post.
524 2620 543 2678 i.
570 2620 621 2692 53,
651 2638 753 2693 verso,
778 2639 809 2697 p.
843 2619 913 2694 aud,
938 2616 973 2690 B,
1007 2619 1041 2675 ιθ

267 2708 532 2782 Brand.,adiocunr
548 2705 586 2765 ah
596 2706 661 2785 ipso
671 2704 777 2764 Proclo
785 2703 945 2776 laudatum,
958 2701 983 2773 l,
992 2723 1041 2766 uu.

267 2799 297 2869 8,
305 2796 357 2855 uhi
368 2796 447 2855 ideas
457 2793 651 2875 philosophus
662 2791 839 2872 superiacum
849 2803 934 2850 vocat
943 2812 950 2848 ι
960 2788 1044 2850 Ἱστο-

268 2893 352 2966 ρεῑται
367 2883 394 2944 δὲ
408 2882 448 2944 ὅτι
461 2882 508 2942 καί
526 2885 619 2954 ζῶντος
632 2885 678 2941 τοῦ
696 2878 840 2947 Πλάτωνος
854 2875 1043 2960 καρτερώτατα

267 2974 327 3055 περὶ
340 2972 431 3033 τοότου
445 2977 490 3032 τοῦ
510 2971 639 3049 δόγματος
653 2969 721 3051 (τῶν
731 2969 805 3028 ἰδεῶν
820 2967 902 3047 scil.)
918 2965 1011 3038 ἐνίστη
1030 2969 1044 3024 ό

266 3061 293 3123 Ἀ
305 3060 500 3143 ριστοτὲλης
513 3063 551 3140 τῷ
562 3057 697 3119 Πλάτωνι.
714 3056 758 3114 Ex
770 3055 871 3115 eodem
884 3075 956 3113 vero
967 3054 1045 3112 fonte

267 3170 328 3226 quo
347 3148 486 3218 Procius,
508 3143 682 3204 Plutarchus
704 3161 821 3222 quoque
842 3141 974 3199 hausisse
994 3139 1046 3196 νὶ-

266 3237 363 3309 detur,
377 3234 517 3293 adversus
527 3232 661 3304 Coloten,
675 3252 701 3289 c.
719 3239 753 3298 είς
768 3251 775 3286 ι
787 3229 843 3294 Τάς
855 3252 885 3305 γε
898 3227 950 3305 μὴν
959 3226 1045 3299 ἰδίας,

267 3323 328 3403 περί
350 3316 386 3400 ὧν
409 3323 514 3400 ἐγκαλεῖ
538 3324 575 3401 τῷ
594 3318 733 3391 Πλάτωνι,
762 3319 899 3396 πανταχοῦ
930 3317 1008 3374 κινῶν
1032 3317 1045 3371 δ

268 3410 524 3494 Ἀριστοτέλης,
540 3409 585 3467 καί
599 3416 688 3466 πᾶσαν
703 3405 810 3481 ἐπάγων
825 3402 937 3483 άπσρίειν
955 3405 1044 3466 αὐταῖς

268 3503 296 3560 iu
317 3501 371 3567 τοῖς
383 3502 482 3571 ἠθικοῖς
503 3496 705 3575 ὑπομνήμασιν,
730 3497 756 3554 ἐν
772 3501 824 3561 τοῖς
845 3499 977 3573 φυσικοῖς,
999 3488 1042 3547 διά

267 3591 320 3649 τῶν
333 3588 491 3670 ἐξωτερικῶν
507 3585 647 3664 διαλόγων,
655 3580 859 3664 φιλονεικότερον
872 3578 946 3645 ἐνίοις
961 3577 1044 3643 ἔδοξεν

268 3678 286 3747 ἢ
309 3674 516 3756 φιλοσοφώτερον
536 3675 566 3731 ἐκ
581 3672 637 3753 [”]
650 3674 702 3729 τῶν
719 3668 856 3746 δογμάτων
878 3665 987 3733 τούτων,
1010 3667 1045 3729 ὡς

269 3763 424 3842 προθέμενος
435 3763 482 3833 τὴν
497 3760 639 3828 Πλάτωνος
653 3757 782 3838 ὑπεριδεῖν
795 3752 961 3839 φιλοσοφίαν·
977 3752 1046 3809 οὕτω

282 3965 542 3974 —--.——-....-—--

271 4087 335 4136 tibris
349 4087 380 4136 de
392 4085 551 4137 Generatione
564 4087 588 4135 et
604 4083 780 4147 corruptione,
792 4085 816 4131 et
832 4081 907 4129 multo
927 4077 1004 4140 magis
1022 4075 1047 4123 in

271 4174 440 4237 metaphysicis
448 4188 523 4236 quum
538 4173 570 4222 ibi
582 4172 613 4222 de
624 4171 745 4236 principiis
757 4170 824 4232 agat,
838 4168 919 4224 initio,
930 4163 1010 4214 medio
1022 4165 1047 4211 et

270 4261 317 4309 tiue
329 4262 414 4309 horum
426 4260 558 4321 librorum,
571 4264 596 4310 et
610 4260 634 4309 in
653 4257 756 4319 Dialogis
777 4255 817 4305 uhi
834 4268 882 4304 non
896 4252 975 4301 dubiis
989 4263 1045 4300 ver·

271 4345 308 4394 iris
324 4344 496 4406 pmuuutiarii,
513 4357 540 4393 se
551 4356 600 4393 nort
617 4354 689 4405 posse
704 4354 760 4390 cum
773 4339 812 4387 illu
825 4338 936 4401 opinione
948 4347 1047 4385 consen·

270 4431 325 4489 tire,
337 4430 431 4479 etiamsi
440 4430 494 4492 quis
503 4428 617 4479 credatse
626 4431 723 4492 propter
731 4425 889 4475 contentionis
899 4422 1006 4474 studium
1015 4421 1047 4470 ilii

270 4518 375 4581 obloqui.
390 4538 402 4560 ν
414 4519 450 4567 ita
462 4519 485 4567 ei
495 4517 594 4566 Procius
605 4515 671 4565 clara
684 4526 743 4563 roce
755 4511 928 4564 dissensionem
944 4508 1047 4573 philoso·

271 4607 375 4670 mamm
388 4604 483 4654 latetur.

302 4698 417 4747 Narratur
429 4694 502 4744 etiam
518 4694 614 4744 virente
635 4693 733 4744 Platone
747 4692 863 4742 acerrime
874 4691 971 4755 propter
983 4686 1048 4737 idea·

272 4799 327 4834 rum
345 4782 478 4833 doctrinam
488 4782 520 4831 ab
529 4782 656 4831 Aristotele
670 4781 834 4844 impugnatum
848 4793 902 4830 esse
914 4778 1048 4829 Platonem.

304 4871 373 4922 ideas
394 4872 475 4921 autem
503 4869 634 4920 Platonicae
653 4869 792 4921 Aristoteles
816 4868 904 4931 ubique
928 4868 1049 4915 incessens

272 4960 354 5019 dictis,
367 4960 391 5008 iu
402 4957 540 5020 idomiibus,
551 4959 574 5007 in
588 4957 740 5009 Naturalibus
750 4954 942 5014 commentariis,
955 4953 978 5001 iu
993 4952 1049 5001 Dia·

275 5043 333 5107 togis
344 5041 483 5103 erotuicts,
495 5042 562 5090 risus
573 5043 611 5091 est
621 5041 764 5105 quibusdum
784 5039 873 5100 majore
889 5035 1050 5087 contentionis

274 5144 346 5195 quam
358 5129 479 5194 sapientiae
495 5128 574 5180 studio
584 5129 607 5178 id
619 5129 715 5190 iecisse,
728 5131 755 5179 ut
770 5127 810 5191 qui
824 5127 869 5177 sihi
887 5123 1051 5188 proposuisset

274 5218 448 5282 philosophiam
462 5217 566 5269 Platonis
576 5220 728 5267 contemnere
746 5218 859 5267 :tantum
871 5213 938 5262 abest
954 5214 984 5261 ut
994 5225 1049 5262 eum

275 5307 344 5357 tuerit
356 5309 463 5356 secutus.

1095 955 1230 1016 hahuerit
1244 955 1429 1028 Plutarchus,
1440 954 1492 1013 ilia
1503 956 1567 1032 ipsa
1576 951 1653 1013 Μετθ
1664 951 1698 1012 rit
1710 951 1809 1033 φυσικά
1820 953 1865 1013 de-

1096 1045 1296 1105 nominatione
1310 1044 1482 1122 antiquiore.
1498 1042 1573 1101 Cum
1584 1043 1636 1103 iiio
1649 1039 1693 1100 διδ
1705 1044 1758 1099 τῶν
1773 1041 1862 1111 liure·

1097 1136 1175 1209 ρικῶν
1193 1132 1320 1211 διαλόγων
1333 1175 1341 1204 ,
1357 1131 1436 1211 quod
1451 1130 1646 1210 aruspicinae
1669 1131 1866 1210 corruptionis
1955 1120 1956 1125 ί

1096 1240 1148 1299 per
1173 1221 1361 1297 glossatorem
1394 1219 1520 1278 inductae
1554 1237 1614 1277 non
1647 1218 1773 1276 alienum
1808 1231 1866 1290 est,

1095 1310 1221 1368 conferri
1244 1310 1296 1367 vix
1324 1321 1446 1388 possunt
1469 1328 1535 1386 quae
1564 1306 1641 1386 apud
1666 1305 1809 1369 Davidem
1836 1309 1865 1365 in
1957 1328 1958 1351 ι

1095 1399 1216 1459 Αείεεοε.
1233 1398 1368 1474 Cetegor.
1382 1419 1411 1476 p.
1426 1398 1481 1467 αθ,
1497 1396 1535 1467 Β,
1554 1395 1591 1452 35
1616 1394 1723 1459 Braud.
1746 1416 1753 1452 :
1771 1395 1798 1453 ἰν
1818 1393 1864 1472 μὲν
1958 1404 1959 1411 ’

1094 1489 1148 1555 τοῖς
1161 1490 1315 1568 διαλογικοῑς
1327 1495 1380 1553 τοῖς
1394 1486 1568 1565 ἐξωτερικοῖς,
1587 1485 1739 1560 leguntur,
1755 1484 1866 1563 quippe

1095 1595 1160 1655 quae
1173 1596 1226 1656 per
1242 1576 1474 1655 appositionem,
1487 1587 1521 1632 ut
1534 1585 1659 1650 vocant,
1673 1570 1751 1630 dicta
1771 1585 1849 1631 sunt.

1413 1712 1457 1771 ιε.
1476 1712 1562 1787 (35.)

1135 1858 1276 1936 Syrianus
1288 1858 1318 1917 in
1338 1851 1631 1932 aristotilemphys.
1650 1850 1722 1926 itit,
1746 1870 1778 1927 9,
1795 1851 1870 1928 apud

1097 1948 1235 2007 Braudis.
1250 1946 1362 2006 scholia
1383 1945 1415 2002 iu
1429 1942 1519 2002 Arist.
1531 1939 1655 2019 ldetaph.
1668 1938 1765 1998 Berol.
1787 1939 1871 2010 1837,

1096 2060 1128 2117 p.
1146 2039 1219 2106 δατ,
1243 2044 1261 2104 i,
1284 2032 1384 2093 ιἘπεὶ
1397 2032 1438 2091 ότι
1460 2027 1506 2089 καί
1522 2026 1623 2094 αὐτὸς
1647 2027 1680 2105 (θ
1694 2025 1871 2105 Ἀριστοτίλητ
1963 2094 1964 2103 γ

1094 2127 1179 2204 scii.)
1189 2124 1312 2201 θμολογεῖ
1323 2120 1404 2198 μηδὲν
1412 2118 1544 2197 εἰρηκέναι
1553 2115 1618 2197 πρὸς
1628 2113 1676 2180 ri<
1687 2113 1793 2173 ἐκείνων
1804 2113 1871 2193 (τῶν

1097 2217 1273 2275 Πλατωνικῶν
1283 2210 1334 2291 πρὸ
1344 2214 1391 2269 τοῦ
1399 2206 1578 2288 Ξενοκράτους
1587 2204 1652 2265 scit.
1664 2203 1702 2264 ci.
1715 2202 1831 2261 Bonita.
1840 2203 1870 2261 in

1096 2322 1200 2363 comm.
1221 2300 1256 2358 ad
1281 2296 1407 2374 liletaph.
1422 2315 1452 2374 p.
1481 2296 1556 2371 541.)
1573 2290 1705 2356 ὑποθέσεις
1724 2289 1788 2365 μηδ’
1806 2291 1871 2355 ὅλως

1096 2391 1301 2473 παρακολουθεῖν
1324 2393 1378 2451 τοῖς
1391 2383 1528 2455 εἰδητικσῖς
1550 2383 1684 2460 άριθμοῖς,
1698 2377 1773 2457 είπερ
1788 2377 1870 2457 ἕτερον

1096 2483 1148 2540 τῶν
1159 2478 1350 2557 μαθηματικῶν
1359 2463 1421 2546 sisu,
1430 2470 1558 2550 μαρτυρεῖ
1570 2468 1603 2527 rit
1613 2471 1639 2527 ἐν
1654 2470 1691 2545 τῶ
1707 2466 1731 2545 β’
1744 2468 1797 2523 τῶν
1811 2464 1868 2543 περί

1096 2571 1143 2639 τῆς
1155 2562 1317 2644 Φιλοσοφίας
1331 2561 1426 2641 ἔχοντα
1439 2564 1530 2619 τοῦτον
1544 2559 1588 2618 τόν
1602 2556 1707 2637 τρόπον·
1720 2582 1734 2605 ι
1746 2549 1834 2613 Ὥστε
1848 2553 1871 2609 εί
1966 2590 1967 2595 ,

1097 2656 1174 2723 άλλος
1183 2653 1291 2734 diripi<
1302 2653 1330 2709 αἱ
1339 2651 1420 2722 ἰδέαι,
1437 2649 1476 2727 μὴ
1490 2644 1674 2723 μαθηματικὸς
1688 2641 1728 2717 δί,
1742 2639 1867 2717 οὐδεμίαν

1097 2746 1157 2824 περί
1171 2746 1249 2802 αὐτοῦ
1263 2741 1365 2801 σύνεσιν
1377 2738 1483 2819 ίχοιμεν
1500 2735 1541 2794 dr.
1555 2733 1602 2800 Τίς
1613 2731 1664 2810 γίιρ
1680 2734 1732 2790 τῶν
1752 2752 1783 2805 γε
1803 2729 1870 2786 niti·

1098 2856 1167 2896 στων
1180 2833 1257 2908 ἡμῶν
1271 2829 1387 2901 συνίησιν
1402 2827 1482 2885 ἄλλον
1497 2819 1619 2903 άριθμόν,
1636 2848 1649 2873 ν
1663 2819 1750 2880 Ὥστε
1767 2816 1814 2876 καί
1828 2819 1871 2874 νῦν

1099 2927 1134 2991 ὡς
1155 2921 1219 3001 πρὸς
1241 2916 1299 2986 τοὺς
1317 2914 1428 2983 πολλοὺς
1443 2913 1501 2981 τοὺς
1522 2909 1677 2976 οὐκείδότας
1691 2904 1807 2975 ἄλλονῆ
1830 2904 1872 2964 τὸν

1100 3011 1239 3090 μοναδικόν
1262 3006 1370 3088 άρεθμδν
1389 3002 1531 3074 πεποίηται
1550 2998 1611 3065 τοίις
1624 2998 1760 3077 ἰλίγγους,
1772 2997 1820 3064 τῆς
1842 2991 1869 3051 δὲ

1101 3103 1151 3158 τῶν
1168 3100 1242 3158 θείων
1260 3097 1359 3173 ἀνδρῶν
1376 3090 1488 3156 διανοίας
1509 3086 1566 3146 οὐδὲ
1585 3084 1632 3156 τὴν
1647 3083 1732 3163 ἀρχὴν
1744 3083 1872 3164 ἐφήψατο.

1101 3191 1144 3249 Ex
1161 3185 1329 3248 Alexandro
1348 3183 1409 3240 haec
1423 3180 1510 3238 ducta
1532 3174 1680 3234 videntur.
1692 3170 1799 3230 Verbis
1819 3169 1873 3246 Sy·
1969 3167 1970 3224 ι

1101 3280 1178 3339 riaui
1192 3296 1262 3337 usus
1280 3285 1341 3332 erat
1364 3267 1504 3336 Braudis,
1523 3268 1565 3320 De
1582 3265 1700 3337 perditis
1718 3262 1873 3316 Aristotelis
1969 3267 1970 3292 ι

1101 3373 1177 3427 libris
1192 3371 1228 3424 de
1242 3368 1320 3422 ideis
1328 3373 1355 3417 et
1364 3361 1399 3414 de
1410 3360 1489 3414 Bono
1498 3361 1553 3410 sire
1563 3348 1756 3422 Philosophia,
1767 3347 1878 3408 Bonna,

1109 3459 1197 3528 1823,
1219 3475 1249 3534 p·
1265 3461 1314 3522 47.

1362 3621 1364 3626 .
1421 3589 1465 3647 ιε,
1482 3583 1553 3663 (τε.)

1142 3738 1241 3800 Schoi.
1258 3737 1289 3795 in
1304 3729 1467 3793 Proverhia
1487 3722 1672 3792 Salomonis,
1696 3717 1762 3776 cod.
1780 3716 1870 3776 Paris.

826 3901 1875 3967 „df—a

1466 4053 1504 4097 15.

1131 4188 1193 4246 Quia
1211 4182 1276 4249 quod
1296 4181 1368 4231 etiam
1389 4176 1440 4238 ipse
1451 4167 1592 4221 Aristoteles
1607 4166 1696 4216 fatetur
1714 4162 1772 4213 nihil
1787 4160 1875 4210 dixisse

1099 4279 1184 4326 contra
1204 4269 1379 4324 Platonicorum
1396 4264 1473 4326 (oute
1486 4254 1676 4313 xenocratem)
1688 4249 1874 4316 suppmitioues,

1101 4378 1145 4415 nec
1155 4362 1253 4413 omnino
1270 4354 1363 4417 insequi
1372 4350 1461 4400 ideales
1474 4357 1603 4405 numeros,
1616 4343 1635 4392 si
1651 4342 1699 4392 sint
1715 4337 1875 4389 amtthema·

1100 4451 1155 4501 ticis
1169 4446 1272 4506 diversi,
1284 4440 1402 4493 testantur
1418 4448 1473 4499 que
1487 4435 1510 4483 in
1529 4430 1634 4484 smundo
1649 4430 1710 4480 ituro
1726 4427 1758 4477 δε
1769 4425 1875 4477 Philoso-

1100 4540 1156 4603 phia
1168 4538 1215 4587 hoc
1225 4533 1298 4584 modo
1308 4543 1334 4580 se
1347 4528 1435 4578 habent
1448 4543 1454 4574 :
1466 4545 1478 4568 ι
1491 4526 1572 4582 Quare
1587 4521 1607 4571 si
1618 4519 1679 4570 alius
1692 4528 1809 4568 uumerus
1820 4516 1877 4565 suut

1100 4628 1175 4682 idem,
1190 4622 1232 4673 scd
1248 4634 1295 4669 non
1311 4614 1506 4674 mathematicus,
1527 4611 1617 4661 nuliam
1633 4607 1664 4657 de
1676 4606 1730 4668 ipsu
1743 4603 1874 4665 intelligen-

1100 4715 1157 4764 tiam
1169 4705 1386 4768 haheremus,quis
1395 4701 1459 4751 euim
1471 4713 1485 4750 e
1495 4699 1602 4749 maximo
1614 4696 1698 4744 saitem
1709 4704 1810 4742 numero
1821 4702 1875 4740 nos·

1102 4806 1166 4853 trum
1184 4798 1258 4849 atium
1273 4806 1399 4845 numcmm
1414 4787 1569 4852 intelligatis
1585 4788 1665 4843 Quare
1675 4783 1700 4832 ei
1710 4793 1777 4831 nuuc
1792 4781 1876 4829 contra

1101 4889 1190 4940 multus
1203 4885 1275 4936 alium
1292 4894 1418 4933 numerum
1438 4890 1487 4929 nou
1499 4875 1682 4940 cognoscentes,
1693 4882 1766 4930 quam
1779 4881 1809 4918 cx
1822 4866 1876 4916 uui·

1101 4975 1189 5027 tatibus
1197 4972 1353 5024 constitutum
1369 4969 1423 5018 iacit
1434 4963 1626 5027 r·edarguiioues;
1645 4958 1780 5008 divinorum
1798 4959 1877 5004 tutem

1102 5066 1208 5114 virorum
1221 5074 1306 5112 sensus
1318 5072 1362 5109 uec
1374 5055 1472 5107 omuino
1484 5053 1569 5116 attigit.

1472 5175 1509 5219 16.

1069 5347 1074 5358 ,
1133 5293 1276 5345 Aristotelis.
1295 5291 1351 5341 Stre
1369 5300 1443 5339 uuum
1463 5287 1501 5336 est
1520 5280 1661 5347 principium
1679 5276 1732 5328 sire
1750 5275 1835 5326 muita.
1852 5271 1879 5325 si
