3959 5900
792 538 1019 601 ntvtstonns
1671 547 1708 607 οι
1764 588 1768 595 .
1814 531 1817 539 “

107 669 164 744 lll,
182 677 254 738 έια.
277 671 318 729 De
331 670 485 751 deperdito
503 670 582 730 libro
603 666 668 727 sive
702 674 880 751 μαθηματικῷ
935 670 982 731 καὶ
997 668 1107 752 έστιρα,
1122 668 1156 729 sd
1171 669 1200 731 δέ
1218 668 1289 731 asad
1304 668 1440 753 φύσινκαὶ
1460 670 1564 743 οιίσέαν,
1578 671 1629 732 ὅσα
1644 675 1715 743 ἑνδέ-

106 757 173 817 sive
189 756 251 839 ττερλ
267 760 314 828 τῆς
333 758 359 816 έν
373 765 427 825 τοῖς
446 759 602 837 μαθήμασιν
618 757 709 825 οὗσέας
732 758 882 836 cogitabat
934 781 1013 839 χεται
1024 747 1091 817 εἶναι
1103 758 1165 819 ἄνευ
1177 758 1277 836 ἄλλων,
1289 760 1375 817 ἐκεῖνα
1391 757 1418 817 δέ
1434 757 1495 817 ἄνευ
1511 757 1617 819 ἐκείνων
1634 754 1716 841 μή·ᾖ

108 846 271 906 Fabricius
286 847 328 905 De
346 847 455 925 quibus
469 861 581 920 tamen,
593 850 786 927 preterquam
800 847 879 928 quod
934 846 1061 926 διαιρέσει
1083 846 1216 926 έχρήσιτο
1234 845 1367 919 Πλάτων,
1387 865 1452 924 que
1476 845 1627 907 distinctio
1651 849 1716 909 fru-

109 937 143 996 iu
159 935 308 997 indicibus
322 936 524 1011 nominantur,
540 938 615 998 nihil
629 952 811 1017 compertum
825 949 879 997 est.
934 949 995 994 stra
1009 934 1040 993 in
1061 933 1125 1011 ejus
1145 933 1233 993 libris
1255 934 1307 1012 qui
1329 946 1445 993 exstant
1466 935 1617 1011 quaeritur.
1641 936 1715 995 Num

935 1041 1008 1081 vero
1029 1021 1232 1080 iu'Platonem
1256 1019 1377 1092 cadant,
1401 1041 1466 1099 quae
1493 1035 1596 1081 contra
1613 1024 1715 1082 falsam

936 1108 1132 1188 quorumdam
1145 1108 1322 1168 divisionem
1339 1129 1478 1187 generum
1495 1112 1664 1170 anirnalium
1678 1113 1715 1171 ab

936 1199 1091 1257 Artamtele
1109 1198 1187 1258 dicta
1207 1211 1286 1271 sunt,
1308 1198 1345 1257 de
1363 1198 1456 1258 Partt.
1480 1200 1608 1259 Animal.
1634 1205 1659 1274 1,
1683 1222 1713 1273 α,

340 1264 654 1344 ΔῙΑῙΡΕΣΕῙΣ
747 1338 749 1342 .
936 1288 953 1345 3
974 1308 982 1344 :
998 1285 1061 1346 Ἔτι
1074 1287 1103 1345 δέ
1116 1284 1245 1367 προσήκει
1258 1284 1296 1363 μέ,
1311 1286 1426 1346 διασιτδν
1442 1286 1552 1347 ἕκαστον
1566 1287 1648 1364 γένος,
1661 1280 1714 1350 οἷον

101 1438 106 1445 ,
935 1371 995 1441 tole
1008 1373 1110 1454 ὄρνιθας
1123 1371 1183 1441 τοὺς
1202 1370 1250 1450 μέν
1266 1375 1292 1432 έν
1306 1374 1384 1451 τῇδε,
1398 1374 1459 1441 τοὺς
1473 1374 1496 1433 δ’
1511 1377 1538 1435 ἐν
1559 1374 1628 1455 ἄλλῃ
1642 1377 1715 1435 διαι-

145 1458 295 1516 Platonem
319 1457 350 1515 in
371 1455 523 1536 Διαιρέσεσι
546 1456 632 1515 affert
652 1457 821 1515 Aristoteles
845 1457 881 1516 de
937 1461 1006 1542 ρέσει
1030 1460 1149 1542 καθέπιρ
1176 1460 1282 1541 έχουσιν
1305 1462 1333 1519 nl
1360 1460 1543 1540 γεγραμμέναι
1568 1462 1715 1545 διαιρέσεις

102 1545 211 1606 Gener.
225 1557 254 1604 et
266 1545 403 1625 Corrupt.
419 1544 459 1617 ll,
473 1547 504 1619 3,
518 1546 535 1603 5
553 1567 561 1602 z
574 1543 702 1613 Ἅπαντες
713 1546 737 1603 οἱ
758 1543 791 1604 τὰ
806 1544 880 1604 dala
935 1552 990 1609 ἕκιῖ
1002 1548 1052 1631 γδιρ
1066 1547 1126 1618 τοὺς
1140 1547 1189 1625 μέν
1201 1548 1268 1628 μιτδι
1288 1551 1339 1607 τῶν
1357 1546 1470 1631 ένέδρων
1490 1550 1639 1627 συμὸαένει
1653 1552 1715 1632 διγ.

102 1635 215 1713 σώματα
229 1637 348 1715 στοιχεῖα
368 1636 501 1700 ποιοῦντες
521 1634 547 1691 ol
561 1630 609 1709 μέν
625 1630 671 1703 έν,
693 1633 717 1691 ol
740 1628 768 1691 δὲ
784 1631 841 1709 δύο,
856 1636 881 1693 οἱ
938 1642 1043 1719 ρῆσθαι,
1056 1637 1116 1705 τοὺς
1137 1637 1161 1695 δ’
1172 1638 1199 1696 έν
1214 1636 1288 1718 ἄλλῳ
1310 1634 1395 1716 γένει,
1412 1638 1481 1696 licet
1504 1637 1611 1697 similia
1632 1640 1716 1698 inve-

103 1722 132 1783 δέ
151 1721 227 1803 τρέιι,
246 1723 271 1781 οἱ
292 1722 320 1781 δὲ
340 1719 455 1802 τέτταρα
473 1724 627 1784 ποιοῦσιν...
643 1721 679 1779 Di
702 1719 726 1777 δ’
741 1717 815 1787 εὐθὺς
835 1721 881 1781 δύο
936 1728 1056 1785 niantur
1078 1745 1145 1784 eum
1165 1726 1197 1783 in
1218 1724 1365 1803 Sophiste,
1392 1745 1421 1803 p.
1443 1745 1514 1800 sao,
1531 1729 1566 1798 t,
1587 1725 1621 1798 B,
1653 1739 1714 1785 tunt

104 1815 248 1883 ποιοῦντες,
260 1807 350 1891 ὥσπερ
364 1807 536 1891 Παρμενίδης
548 1812 601 1888 πῦρ
613 1806 658 1868 καλ
667 1809 730 1885 γῆν,
740 1803 880 1882 τέμεταξδ
936 1814 1084 1894 praecipue
1097 1813 1129 1873 in
1143 1812 1282 1884 Politice,
1297 1833 1326 1889 p.
1341 1814 1410 1884 264,
1427 1812 1464 1883 D,
1477 1812 1563 1871 valde
1572 1812 1715 1871 incertum

103 1899 224 1978 μίγματα
239 1901 342 1957 ποιοῦσι
355 1897 468 1974 τούτων,
477 1887 530 1956 οἷον
548 1893 613 1976 ἀέρα
624 1894 670 1954 καλ
686 1893 767 1975 ὕδωρ.
781 1894 883 1957 ‘Dord-
936 1901 1033 1960 videri
1046 1901 1166 1980 poterit.

102 2008 154 2052 τως
171 1984 217 2045 καὶ
230 1986 254 2042 οἱ
276 1984 336 2064 τρία
349 1983 484 2063 λέγονται,
504 1982 623 2063 καθάπερ
643 1980 761 2042 Πλάτων
779 1985 806 2043 ἕν
825 1986 881 2052 ταῖς
978 1988 1144 2066 Utcumque
1158 2006 1229 2045 vero
1243 1985 1347 2045 dehac
1362 2005 1395 2045 re
1408 1998 1550 2044 statuatur
1561 1986 1616 2064 (cl
1628 1987 1716 2046 Bour-

102 2072 465 2155 Διαιρέσεσιν·τ“ογδιρμέσον
473 2079 561 2149 μῖγμα
571 2078 651 2133 ποιεῖ.
662 2070 802 2140 Quaenam
810 2092 881 2132 vero
935 2091 1005 2149 not,
1040 2080 1189 2134 Platonica
1219 2076 1377 2136 Aristoteles
1402 2078 1554 2152 opuscula,
1589 2075 1713 2137 Putbus.

103 2162 149 2219 hae
170 2162 336 2221 Divisiones
356 2161 465 2221 tuerint
481 2157 543 2238 jam
566 2158 673 2218 frustra
686 2160 823 2237 quasiste
836 2161 881 2221 vi·
938 2163 1026 2234 1853,
1040 2183 1070 2241 p.
1089 2186 1121 2241 9,
1144 2161 1318 2238 Ueberweg,
1345 2166 1415 2220 r‘r'ber
1436 2166 1485 2220 die
1508 2164 1643 2221 Ecdther't
1659 2170 1719 2222 uod

101 2251 208 2309 dentur
217 2250 330 2328 antiqui
344 2246 512 2328 philosophi
525 2248 708 2325 interpretes.
722 2247 789 2305 Haec
802 2248 880 2307 enirn
934 2251 1077 2329 Zeitsolgc
1096 2253 1290 2328 platontschcr
1310 2248 1462 2325 Schriften,
1484 2251 1580 2324 Wien,
1595 2272 1625 2332 p.
1650 2254 1716 2325 153,

102 2338 231 2398 adhunc
249 2338 346 2398 locum
367 2336 525 2416 adscripsit
543 2333 672 2394 loannes
697 2336 881 2416 Philoponus
935 2341 1033 2418 ηιμ),
1058 2339 1114 2399 hoe
1129 2340 1206 2398 nilril
1229 2339 1266 2398 ad
1289 2340 1410 2399 alteram
1432 2340 1621 2417 questionem
1637 2342 1714 2416 facit,

104 2427 158 2488 tot.
172 2429 210 2486 50
223 2446 308 2486 serso
326 2448 333 2483 ι
352 2425 485 2499 Ζητησέον
500 2424 617 2491 δέποέας
637 2428 714 2486 καλεῖ
725 2426 881 2508 Διαιρέσεις,
935 2429 972 2487 de
986 2427 1137 2486 Aristoteli
1147 2428 1265 2506 inquam
1275 2426 1424 2506 adscripto
1445 2426 1540 2499 libro,
1551 2447 1637 2505 quem
1654 2431 1717 2489 sive

100 2517 129 2574 έν
149 2505 191 2583 αἷς
205 2513 352 2575 διατάττειν
364 2514 428 2595 φησὶ
438 2513 500 2594 περὶ
512 2512 610 2573 τούτων
626 2513 671 2574 τὸν
689 2514 833 2577 Πλάτωνα.
849 2514 881 2575 '0
936 2529 1029 2575 totum
1043 2515 1107 2575 sive
1121 2533 1160 2572 ex
1180 2527 1263 2591 parte
1278 2514 1411 2573 Platonis
1434 2513 1598 2575 divisiones
1619 2518 1715 2575 conti·

100 2602 151 2680 μέν
174 2594 219 2662 oda
241 2601 370 2681 έξηγητής
391 2601 558 2682 ’λλεἜανδρος
580 2602 652 2680 λέγει
670 2602 718 2671 τὰς
737 2602 882 2684 φερομένας
936 2613 1052 2660 nentem
1067 2601 1142 2661 Vitis
1156 2601 1398 2680 philosophorum
1421 2602 1546 2677 inseruit
1567 2603 1714 2680 Diogenes

100 2691 248 2759 Πλάτωνας
274 2691 423 2770 Διαιρέσεις
450 2688 609 2750 νοδεύεσθιιι·
629 2691 644 2746 δ
659 2689 682 2749 δ’
701 2688 883 2768 Ἀριστοτέλης
938 2690 1081 2748 Laertius.
1095 2690 1153 2760 Qui
1166 2689 1285 2767 quidem
1295 2688 1373 2749 liber
1384 2689 1466 2748 abeo
1477 2710 1537 2750 non
1546 2691 1736 2752 ricuardi-0

98 2779 199 2861 (φησὶ)
212 2778 274 2860 περὶ
290 2781 343 2837 τῶν
354 2778 380 2835 έν
394 2778 433 2856 τῷ
445 2778 567 2857 Σοφιστῇ
583 2779 623 2857 τῷ
638 2775 753 2857 διαλόγῳ
772 2778 881 2857 εἰρημέ·
936 2796 1039 2837 versus
1057 2778 1147 2837 fuisse
1161 2797 1247 2855 quem
1262 2778 1483 2856 supposititium
1496 2778 1557 2855 jam
1571 2777 1713 2841 habuerat

98 2890 152 2926 νων
175 2865 265 2944 λέγει,
290 2861 429 2942 διαιρέσιις
448 2865 536 2922 καλῶν
556 2861 591 2923 τδι
614 2865 641 2923 έν
663 2862 765 2944 έιιεένιρ.
782 2863 881 2926 Ἰστέον
938 2863 1114 2938 Alexander,
1126 2863 1240 2924 Joanne
1252 2864 1420 2943 Philopono
1430 2876 1511 2922 teste.
1523 2862 1556 2923 ln
1566 2865 1716 2927 iudicibus

98 2957 129 3018 δὲ
144 2954 186 3015 δτι
205 2957 310 3036 πρῶτον
326 2952 375 3030 μὲν
392 2951 538 3032 Διαιρέσεις
552 2952 694 3022 Πλάτωνος
708 2954 775 3023 ὅλως
793 2957 881 3036 έιιιγι-
936 2956 1037 3034 plures
1054 2966 1124 3015 sunt
1137 2954 1216 3013 tituli
1229 2953 1282 3033 qui
1296 2952 1473 3011 σιταρίοισί
1486 2966 1620 3032 possunt.
1636 2955 1715 3013 1³1·ae-

98 3041 257 3126 γραμμένιιι
285 3041 315 3101 οὗ
342 3040 474 3124 φέρονται·
502 3043 530 3101 έν
555 3041 583 3101 δέ
604 3045 643 3122 τῷ
665 3042 784 3127 Σοφιστῇ
809 3048 883 3106 οὐδέν
936 3056 981 3103 ter
1005 3041 1152 3123 Διαιρέσιις
1183 3039 1213 3111 ιζ’
1237 3041 1316 3101 enim
1343 3039 1421 3120 apud
1437 3039 1600 3118 Diogenem
1625 3040 1716 3102 Laer-

99 3130 223 3213 φαένιται
236 3133 353 3190 τοιοῦτον
369 3132 385 3188 t
404 3129 521 3191 Πλέτιιν
543 3128 628 3207 λέγων
650 3120 704 3191 οἷον
718 3130 822 3213 εἴρηται
837 3136 882 3194 έν·
935 3133 1009 3192 tium
1031 3130 1120 3212 (lta),
1134 3131 1323 3190 nominantur
1343 3126 1489 3209 Διαιρέσεις
1518 3131 1669 3210 σοφιστικαὶ
1692 3132 1714 3189 δ’

98 3223 194 3280 rete«-
209 3219 267 3279 eset
288 3218 359 3280 έστιν
373 3221 458 3298 εὖριῖν
476 3240 536 3278 τινα
550 3220 631 3279 αὐτοῦ
646 3219 742 3299 (αὑτοῦ
757 3224 880 3300 corrig.)
937 3220 1045 3299 (Πίος.
1061 3240 1111 3298 ²9·
1127 3222 1184 3280 An.
1198 3219 1253 3297 αφ)
1271 3216 1443 3298 Διοιρετιιιῶν
1463 3216 1487 3275 α’
1502 3217 1556 3296 (D.
1570 3221 1604 3277 L.
1619 3220 1674 3297 431
1687 3235 1716 3279 et

99 3306 179 3376 δόξαν
204 3306 330 3379 τοιαύτην
355 3306 436 3366 αὐτὸν
455 3305 629 3384 έιιτιδέμενον·
650 3307 718 3380 ὅλως
743 3309 794 3389 γὰρ
822 3311 881 3371 οὐδὲ
938 3307 1105 3389 Διαιρετικὸν
1121 3309 1148 3370 α’
1163 3309 1216 3387 (D.
1233 3308 1268 3370 L.
1289 3308 1357 3385 62).
1373 3306 1517 3381 Primum,
1530 3320 1563 3366 ut
1584 3307 1714 3381 videtur,

98 3395 226 3476 περὶτῶν
239 3394 364 3455 τοιούέιον
378 3395 451 3454 έστλν
465 3394 539 3476 adep
552 3395 717 3465 σιιοσδςέιιιῖ
735 3401 880 3481 διαλιχδῆ-
935 3399 1053 3459 titulum
1085 3409 1238 3458 recensent
1253 3395 1381 3473 catalogi
1404 3394 1515 3455 arabici
1538 3395 1716 3473 (Dschema-

98 3506 154 3555 ν(ὃν
172 3482 243 3554 πλὴν
260 3482 302 3543 ὅτι
315 3487 375 3542 καθ’
387 3481 507 3563 ἱστορίαν
519 3483 657 3599 διαφόρως
672 3486 749 3556 deire
760 3491 877 3565 φνσιιιῶν
935 3487 997 3547 lud.
1020 3489 1070 3560 51,
1086 3486 1213 3546 lladschi
1234 3485 1350 3558 Rhatta,
1366 3483 1405 3555 V,
1426 3484 1481 3541 136
1491 3484 1514 3560 ),
1530 3483 1629 3546 addita
1640 3483 1717 3542 diri-

98 3571 202 3651 ἀνδρῶν
216 3570 357 3633 διιτέθιται.
377 3570 547 3632 ’λιτοδιιιτέον
573 3594 618 3631 οιιν
639 3574 741 3649 μᾶλλον
755 3573 819 3658 desp
836 3600 881 3637 τι·
934 3575 1053 3635 sionum
1084 3573 1317 3646 enumeratione,
1342 3591 1407 3650 quae
1435 3571 1490 3630 nisi
1517 3570 1597 3649 quod
1622 3571 1714 3629 multo

96 3661 219 3719 lausaim
245 3659 416 3738 προστίθησιν
438 3663 453 3718 ὁ
473 3657 659 3739 Ἀλέξανδρος,
684 3661 792 3742 φέσιιιον
820 3664 880 3744 πιρλ
934 3664 1033 3723 minor
1042 3675 1087 3722 est
1095 3682 1195 3722 earum
1206 3680 1356 3733 numerus,
1368 3661 1439 3719 satis
1450 3660 1526 3717 hene
1536 3676 1603 3717 cum
1612 3655 1716 3715 libello

96 3751 153 3807 τῶν
175 3745 300 3825 ἀγράφων
325 3747 464 3826 δογμάτινι
487 3755 533 3809 ταΰ
553 3748 698 3816 Πλάτωνος
725 3748 808 3827 λέγιιν
835 3751 879 3810 τὸν
933 3751 1012 3830 apud
1026 3751 1184 3828 Diogenem
1205 3747 1352 3806 Lacr-tium
1368 3760 1486 3807 servato
1501 3746 1648 3823 congruit.

98 3833 297 3914 Ἀριστοτέλην,
309 3832 378 3915 ὅπερ
391 3837 468 3905 αὐτὸς
481 3836 668 3918 ἀπεγράψατο,
677 3838 723 3897 καὶ
735 3842 820 3898 ταῦτα
832 3862 880 3897 κα·
975 3838 1024 3897 llli
1049 3851 1144 3896 autem
1178 3835 1346 3895 collectioni
1367 3855 1434 3912 quse
1452 3834 1531 3914 apud
1555 3834 1714 3909 Diogenem

96 3927 154 3982 λτῖν
168 3920 323 4002 Διαιρέσεις
343 3924 370 3981 έν
384 3924 490 3992 ένιένοις
502 3923 617 3985 τοένονδ
634 3925 792 3986 Πλέτωντὸ
810 3925 879 4004 μέγα
935 3924 1086 3984 laertium
1100 3937 1204 3997 exstat,
1218 3923 1289 3982 satis
1311 3922 1419 3981 similis
1439 3935 1483 3982 est
1506 3921 1593 3998 liber,
1611 3922 1715 4004 Διαιρέ-

97 4010 144 4071 ιιαλ
156 4008 252 4090 μικρὸν
265 4009 311 4070 sal
322 4010 352 4070 τὸ
368 4012 466 4090 μεταξὺ
479 4011 578 4072 τούτων
589 4012 750 4072 ὑποτέδιται.
934 4034 987 4079 σεις
1003 4010 1195 4091 Ἀριστοτέλους
1213 4010 1393 4088 inscriptus,
1409 4011 1461 4088 qui
1490 4010 1521 4069 in
1541 4010 1643 4068 eodem
1662 4011 1715 4069 illo

141 4098 208 4157 llaec
231 4117 301 4158 vero
315 4099 369 4158 vix
389 4099 427 4159 ab
443 4099 611 4159 Alexandro
623 4100 684 4160 dici
703 4114 876 4180 potuerunt,
934 4100 1035 4159 codice
1048 4099 1197 4158 Marciano
1212 4096 1269 4172 257
1288 4097 1407 4174 legitur,
1431 4097 1462 4156 in
1479 4118 1538 4177 quo
1557 4111 1586 4157 et
1600 4099 1714 4157 Aristo·

97 4206 190 4265 quum
215 4189 270 4246 tria
292 4187 343 4246 illa
368 4188 512 4246 elementa
533 4188 684 4261 Platonis,
708 4189 877 4267 dequibus
935 4189 1000 4248 telis
1020 4188 1086 4248 Vita
1105 4207 1170 4266 qnae
1189 4187 1279 4263 vulgo
1299 4185 1448 4244 Marciana
1462 4185 1626 4266 appellatur
1648 4204 1714 4243 ser·

97 4273 232 4352 loquitur
241 4275 423 4350 Aristoteles,
436 4294 524 4353 aqua,
538 4276 617 4352 ignis
625 4290 655 4335 et
666 4289 744 4336 terra
754 4278 824 4349 sint,
839 4278 880 4337 ita
934 4292 1001 4338 rata
1012 4291 1066 4338 est.
1085 4275 1162 4335 Satis
1177 4276 1285 4334 mirum
1306 4289 1350 4334 est
1364 4274 1439 4334 illud
1455 4274 1562 4351 fugisse
1576 4272 1713 4333 Villoiso·

97 4376 131 4422 ut
142 4363 263 4422 tortasse
277 4364 318 4422 ita
332 4363 516 4424 statuendum
526 4365 576 4438 sit,
593 4365 790 4425 Alexandrum
804 4365 878 4428 illud
933 4387 1004 4426 num
1028 4364 1135 4424 Αιιοοιδ.
1151 4385 1193 4442 gr.
1209 4377 1230 4422 t.
1252 4363 1292 4439 ll,
1316 4384 1347 4443 p.
1366 4362 1436 4434 254,
1452 4361 1503 4440 qui
1522 4381 1612 4439 quum
1640 4362 1715 4420 male

97 4451 301 4512 tantummodo
314 4452 446 4511 dixisse:
462 4452 514 4511 has
524 4451 672 4532 Διαιρέσεις
678 4455 756 4514 inter
770 4452 877 4536 ἄγραφα
932 4468 1048 4534 putaret
1062 4454 1113 4514 has
1125 4453 1316 4513 divisionese
1330 4451 1424 4511 variis
1438 4449 1603 4509 Aristotelis
1615 4450 1713 4528 operi·

89 4535 219 4618 ’δόγματα
237 4540 337 4613 fuisse,
361 4552 457 4600 cetera
476 4560 547 4600 vero
565 4542 660 4620 ipsum
680 4542 877 4623 Philoponum
932 4543 988 4602 bus
1005 4554 1156 4620 excerptas
1170 4560 1252 4614 esse,
1267 4554 1344 4600 recte
1361 4552 1457 4599 tamen
1472 4537 1547 4598 illud
1573 4537 1710 4596 animad-

96 4645 133 4685 ex
144 4628 205 4687 alio
217 4628 282 4686 loco
293 4627 395 4688 hausta
404 4628 562 4689 addidisse.
575 4628 697 4689 hadent
714 4629 878 4690 divisiones
932 4632 1023 4690 vertit
1051 4628 1184 4708 quadam
1212 4627 1323 4703 adjecta
1349 4646 1413 4687 esse
1441 4625 1497 4702 (cf.
1523 4645 1589 4704 quae
1608 4625 1644 4684 de
1666 4645 1713 4685 an·

98 4716 205 4776 iterum
230 4728 347 4793 tangere
372 4717 490 4778 ridetur
517 4716 713 4797 philosophus
739 4718 771 4777 in
788 4719 877 4779 Meta·
932 4721 1007 4796 getis
1031 4718 1170 4778 dicuntur
1193 4718 1230 4786 st
1245 4718 1269 4795 ),
1297 4715 1405 4794 quibus
1428 4714 1539 4774 librum
1564 4733 1624 4772 non
1650 4732 1713 4773 esse

98 4803 184 4884 phys.
201 4803 309 4882 lV,11,
328 4827 343 4879 7
361 4827 369 4866 ι
384 4803 428 4866 'sd
447 4802 495 4883 μέν
510 4804 544 4877 δὴ
557 4802 626 4864 οὕτω
641 4804 747 4885 λέγεται
760 4808 877 4888 πρότερα
933 4805 1100 4866 Aristotelis
1133 4804 1394 4865 demonstraretur.
1417 4803 1485 4862 Tali
1522 4823 1593 4862 vero
1628 4822 1713 4879 argu·

95 4997 170 5050 etam
187 5013 245 5062 qua
257 5000 321 5064 apud
333 5003 469 5065 ροοιιιοιταν
478 5001 568 5052 otetur
583 5000 757 5066 magitudineu
772 5002 877 5064 σορὶιιιο
934 5002 1090 5066 ageonretris
1102 5001 1193 5052 dloltur
1210 4999 1337 5065 longitudo
1352 5003 1391 5051 eat
1409 5011 1497 5065 expers
1511 4999 1612 5060 altcnjns
1628 4996 1710 5047 nutu·

97 5084 191 5150 absque
202 5086 342 5151 latitudine,
360 5086 559 5154 σοισδοσοέδεια
571 5101 603 5139 ex
618 5088 672 5152 Ιιίε,
692 5102 749 5153 qna
767 5088 879 5140 seusllm
934 5088 1012 5153 dinis,
1027 5090 1070 5141 ssd
1084 5087 1150 5154 quod
1162 5087 1256 5154 privata
1274 5087 1308 5138 sit
1324 5086 1391 5138 omni
1412 5086 1537 5138 latitudine
1553 5083 1638 5147 :quod
1654 5081 1709 5145 qut·

95 5180 234 5242 apparat,
251 5178 307 5229 tloet
323 5190 352 5228 ea
364 5191 427 5242 ὀιιιο
445 5192 495 5230 nun
509 5184 567 5230 suat
587 5178 710 5230 umam
734 5179 877 5243 ρσιερλωιο.
934 5176 990 5228 dent
1003 5191 1052 5228 non
1065 5176 1249 5230 dentonstravlt

95 5267 190 5316 vnum
203 5268 321 5317 errstsnt
335 5265 436 5318 tortasse
445 5266 577 5331 sophistica
589 5279 636 5317 ιον
653 5265 761 5331 decipit.
777 5303 783 5316 .
799 5300 808 5317 .
826 5280 879 5331 pro

96 5354 204 5418 positum
218 5357 300 5408 autem
312 5356 364 5405 ersl
384 5355 505 5406 Aristoteli
515 5353 658 5416 οεέεαιλοτσ,
671 5367 719 5405 σοι
738 5353 803 5419 quod
821 5369 877 5419 quae
