3959 5900
429 746 451 784 n
983 728 1199 787 nuntiam.
1317 681 1322 690 ·

427 873 515 946 tem,
530 858 662 952 ingenti
675 857 781 955 plane
802 856 1050 959 laboremque
1064 857 1246 954 diligentia
1263 860 1462 933 conlectam
1480 861 1514 930 in
1529 862 1603 931 suis
1617 862 1751 933 chartis

427 981 622 1078 reliquerat
644 981 932 1069 Russemalterus,
955 981 1289 1077 quaedamsuoloco
1309 981 1565 1082 praefabimur:
1587 1009 1684 1056 nunc
1703 986 1750 1056 de

426 1107 501 1203 ipsa
519 1106 802 1202 fragmentorum
817 1104 975 1176 editione
993 1102 1168 1192 dicemus,
1189 1106 1224 1176 in
1253 1105 1385 1202 quibus
1414 1107 1622 1204 colligendis
1648 1108 1748 1179 illus-

425 1228 606 1299 trandisve
622 1228 757 1299 nullam
775 1229 880 1326 plane
896 1253 1044 1325 operam
1061 1244 1232 1327 posuerat
1245 1228 1301 1299 vir
1315 1229 1555 1300 doctissimus.

474 1351 737 1451 Reputantibus
757 1352 862 1434 rrobis
873 1354 946 1423 sive
965 1355 1216 1425 auctoritatem
1237 1356 1347 1453 ipsius
1359 1357 1561 1428 Aristotelis
1579 1360 1653 1428 sive
1665 1381 1749 1454 per-

424 1497 593 1566 magnum
610 1472 891 1567 fragmentorum
906 1474 1098 1543 numerum
1113 1498 1193 1570 quae
1206 1497 1227 1544 e
1241 1472 1436 1572 deperditis
1450 1474 1527 1568 ejus
1540 1473 1640 1545 libris
1652 1474 1749 1573 apud

424 1597 542 1666 varios
564 1599 756 1693 scriptores
783 1594 941 1692 dispersa
964 1595 1150 1691 leguntur,
1174 1598 1296 1667 mirari
1317 1596 1479 1695 profecto
1504 1597 1646 1680 liceret,
1667 1612 1749 1667 ante

423 1719 517 1797 hanc
539 1734 698 1797 nostram
713 1734 868 1802 aetatem,
886 1743 959 1789 non
979 1719 1153 1812 majorem
1172 1744 1297 1791 curam
1314 1718 1413 1790 adea
1428 1719 1627 1817 mlligeuda
1640 1735 1748 1816 atque

423 1841 646 1937 explananda
665 1839 866 1913 adhibitum
885 1866 976 1929 esse,
994 1841 1060 1913 nisi
1076 1842 1246 1913 omnihus
1260 1842 1345 1912 satis
1358 1857 1486 1913 uotum
1502 1857 1607 1931 esset,
1621 1867 1746 1940 super·

423 1965 522 2060 stites
540 1990 687 2063 quoque
706 1965 914 2064 philosophi
934 1963 1059 2054 libros,
1085 1990 1151 2064 per
1169 1971 1326 2036 duorum
1345 1965 1419 2037 fere
1438 1965 1651 2036 saeculorum
1668 1991 1747 2065 spa·

424 2090 529 2178 tium,
540 2088 622 2186 plus
630 2088 729 2182 justo
744 2088 924 2183 neglectos
934 2088 1032 2183 apud
1044 2087 1250 2184 philologos
1263 2088 1428 2181 jacuisse.
1446 2094 1641 2186 Postquam
1652 2089 1747 2160 enim

425 2213 541 2308 primo
560 2224 642 2309 post
662 2224 805 2285 renatas
822 2209 943 2281 literas
960 2208 1105 2294 saeculo,
1136 2211 1321 2283 Aristotele
1340 2211 1421 2309 plus
1446 2237 1555 2309 quarn
1576 2211 1747 2284 semibar-

423 2333 512 2403 baro
522 2331 818 2405 scholasticorum
829 2329 992 2429 expulso,
1007 2331 1082 2403 veri
1094 2346 1130 2402 et
1144 2335 1301 2427 germani
1311 2333 1518 2432 philosophi
1531 2336 1660 2434 scripta
1675 2339 1748 2407 sive

417 2482 534 2551 grace
548 2459 623 2527 sive
640 2457 676 2527 iu
698 2455 851 2527 latinum
862 2454 938 2550 jam
951 2479 1154 2527 sermonem
1166 2481 1337 2528 conversa
1351 2456 1410 2528 edi
1423 2475 1625 2556 coeperunt,
1644 2458 1747 2530 multi

422 2580 468 2652 de
486 2580 542 2650 his
558 2578 687 2663 studiis
716 2578 853 2674 egregie
881 2601 1066 2667 meruere,
1088 2582 1181 2651 iuter
1205 2604 1297 2675 quos
1324 2582 1502 2678 precipue
1519 2580 1746 2654 Theodorum

422 2710 570 2792 (latum,
590 2702 849 2789 Bessarionem,
869 2706 1015 2775 Petrum
1027 2701 1226 2775 Victorium
1248 2727 1462 2775 memorasse
1478 2703 1642 2783 sufficiet.
1667 2707 1747 2773 llox

423 2841 544 2896 tamen
559 2825 618 2895 hic
634 2824 743 2896 ardor
761 2821 955 2911 deferbuit,
975 2847 1095 2919 neque
1116 2838 1200 2895 ante
1219 2823 1289 2895 hoc
1314 2838 1478 2895 nostrum
1499 2826 1669 2896 saeculum
1688 2849 1747 2896 re-

421 2949 620 3044 dintegrata
655 2963 709 3020 est
735 2945 833 3044 apud
857 2945 1063 3044 philologos
1100 2945 1277 3018 librorum
1305 2946 1598 3020 Aristoteleorum
1625 2947 1744 3020 lectio,

423 3073 510 3144 lude
528 3072 664 3143 factum
683 3085 748 3158 est,
775 3085 826 3158 ut,
851 3070 934 3141 lieet
953 3069 1175 3146 laetissimum
1200 3087 1419 3168 proventum
1440 3071 1746 3144 Aristotelicorum

422 3197 499 3270 haec
513 3211 637 3268 nostra
655 3210 740 3267 setas
766 3193 927 3267 attulerit
940 3196 1038 3291 (post
1060 3196 1225 3268 [tuhlium
1243 3198 1339 3270 enim
1361 3213 1397 3269 et
1422 3201 1466 3296 G.
1488 3197 1748 3269 Schneiderum

423 3324 598 3394 Sartonam
611 3317 823 3396 nominandi
838 3332 922 3390 sunt
933 3317 1094 3406 litandis,
1108 3324 1147 3391 1:
1156 3319 1304 3408 Beklter,
1317 3318 1624 3416 frendelenburg,
1638 3324 1748 3417 Spen-

423 3442 492 3539 gel,
506 3444 643 3532 Bonita,
654 3441 806 3529 Thurot,
820 3447 978 3530 nasson,
994 3442 1143 3531 Vahlen,
1157 3444 1365 3540 Torstrick),
1381 3443 1478 3515 haud
1493 3442 1748 3540 paucae-adbuc

423 3581 557 3642 restent
570 3565 787 3662 quaestiones
799 3562 845 3638 de
864 3563 1084 3662 philosopho
1102 3565 1253 3662 ejusque
1272 3568 1414 3665 scriptis
1427 3589 1506 3661 quae
1523 3563 1686 3635 nondum
1701 3566 1747 3636 ad

424 3689 601 3785 liquidum
616 3686 798 3787 perductae
816 3686 901 3760 siut.
924 3692 1048 3783 Neque
1066 3688 1137 3758 boc
1156 3688 1289 3759 mirum
1307 3704 1374 3778 est,
1392 3712 1507 3783 quum
1522 3700 1577 3757 tot
1594 3687 1665 3758 sint
1686 3712 1746 3758 sn-

427 3813 587 3911 perstites
602 3810 777 3907 Stagiritae
808 3809 912 3899 libri,
940 3816 1009 3908 'qui
1038 3835 1185 3882 manum
1215 3810 1494 3881 emendatricem
1527 3825 1746 3905 exspectent,

423 3937 615 4033 plerosque
628 3935 726 4010 viros
739 3933 880 4026 doctos,
895 3936 958 4030 qui
973 3935 1010 4004 in
1027 3932 1082 4005 his
1094 3935 1222 4007 studiis
1235 3950 1363 4018 castra,
1380 3948 1421 4004 ut
1435 3935 1484 4005 ita
1500 3934 1631 4021 dicam,
1651 3932 1747 4003 loca·

424 4072 566 4144 verunt,
581 4058 618 4127 iu
634 4057 702 4128 illis
720 4055 867 4130 edendis
880 4055 1179 4151 recensendisque
1192 4071 1402 4151 occupatos,
1419 4055 1464 4126 de
1477 4055 1747 4153 deperditorum

423 4176 600 4250 librorum
623 4178 784 4274 reliquiis
806 4180 926 4250 minus
945 4177 1114 4250 sollicitos
1139 4177 1259 4246 fnisse.
1278 4182 1321 4245 At
1340 4179 1369 4245 si
1390 4178 1487 4248 utilis
1505 4193 1558 4249 est
1582 4178 1747 4248 universa

424 4297 606 4391 diligentia
623 4299 753 4394 quaein
771 4298 1032 4395 componendis
1049 4312 1086 4368 et
1103 4296 1357 4368 coordinandis
1371 4295 1641 4394 deperditorum
1660 4323 1747 4396 ope-

425 4444 508 4494 rum
537 4418 697 4515 reliquiis
720 4435 897 4508 versatur,
922 4421 1063 4495 nullum
1089 4443 1165 4488 esse
1191 4417 1352 4512 profecto
1374 4420 1409 4489 in
1430 4435 1507 4490 totu
1533 4420 1748 4515 antiquitate

426 4542 652 4638 scriptorem,
676 4540 723 4611 ad
745 4542 848 4635 cujus
872 4556 1077 4614 accuratam
1104 4540 1353 4634 sinceramque
1380 4542 1546 4612 notitiam
1565 4544 1676 4635 magis
1690 4566 1749 4612 re-

428 4663 530 4750 ferat,
544 4687 654 4758 quam
673 4665 913 4747 Aristotelem,
933 4658 1113 4732 affirmare
1152 4652 1297 4726 minime
1310 4659 1449 4733 dubito.
1482 4668 1605 4757 Neque
1630 4662 1747 4733 solum

428 4784 488 4857 hic
516 4785 646 4881 loquor
665 4784 712 4865 dc
734 4783 933 4862 incredibili
958 4803 1060 4876 paene
1087 4778 1313 4852 voluminum
1344 4809 1497 4862 numero
1522 4809 1602 4880 quae
1629 4784 1675 4854 ab
1703 4805 1749 4855 eo
