3959 5900
500 432 551 492 DE
573 404 765 491 INDIClBUS
787 428 988 490 tranuntur
1008 429 1268 491 ARISTOTELIS.
1463 446 1468 460 ·
1651 441 1687 498 13

82 558 102 619 l.
116 558 134 615 l.
154 578 183 636 p.
200 559 268 635 237)
287 579 294 614 :
318 561 360 613 Ile
375 557 530 612 Aristotelis
542 560 616 624 vita,
638 567 724 611 morte
736 559 854 630 scripto·

81 649 308 723 ratoqacordiae,
324 643 435 722 quippe
454 642 633 720 quaomnia
648 641 731 700 facilc
746 659 782 699 ex
795 661 856 699 uno

81 736 240 812 eodemque
254 734 333 791 sonte
344 731 464 791 fluxisse
475 730 633 809 potuerint.

119 822 190 892 Quae
215 820 240 880 si
262 839 332 879 vere
355 838 372 876 a
400 816 486 876 nobis
507 817 653 896 disputata
679 828 764 887 sunt,
788 814 850 893 jam

82 911 156 969 illud
177 907 363 988 perspicitur,
386 905 516 984 quidde
538 904 645 964 indicis
669 922 754 982 quem
777 921 855 962 eom·

82 1017 197 1058 munem
222 1009 384 1057 ceterorum
410 994 522 1067 iontem
548 1006 577 1050 et
597 992 741 1068 originem
767 990 854 1051 habe·

81 1106 146 1148 rarus
169 1085 338 1145 auctoritate
358 1095 444 1162 atque
468 1081 524 1141 lide
550 1079 733 1140 statuendum
748 1080 796 1138 sit.
824 1079 853 1139 si

79 1175 156 1234 enim
168 1174 241 1233 nihil
259 1172 339 1232 aliud
349 1171 477 1231 continet
492 1168 590 1228 tabula
604 1167 680 1247 apud
694 1168 853 1244 Diogenem

45 1290 48 1295 ·
80 1261 224 1321 laertium
256 1273 389 1331 servata,
411 1277 499 1336 quam
532 1257 631 1316 titulos
662 1256 780 1315 illorum
814 1255 853 1314 li·

80 1350 211 1423 brorum,
228 1351 279 1428 qui
289 1350 408 1408 ineunte
423 1347 483 1406 ler'e
496 1345 587 1405 altero
601 1343 851 1428 postuphilosopbi

79 1451 200 1497 mortem
208 1434 714 1515 saeculo,ejusnomineinscripti,in
726 1433 853 1491 Alexan-

79 1527 166 1586 drina
182 1526 360 1588 bibliotheca
384 1521 616 1595 asservabantur,
633 1521 741 1601 quihus
763 1520 854 1579 etalii

79 1613 177 1674 dubiae
199 1613 283 1686 fidei,
307 1633 432 1690 quorum
459 1613 634 1671 mentionem
664 1630 695 1669 se
724 1609 856 1667 consulto

79 1704 301 1780 praetermisisse
320 1714 439 1762 testatur
455 1700 617 1776 Diogenes,
641 1698 733 1758 additi
755 1709 854 1768 erant,

79 1792 137 1850 tale
151 1791 290 1850 hahemus
302 1789 517 1859 testimonium,
533 1789 580 1846 cui
594 1800 714 1866 propter
727 1785 855 1863 antiqui·

79 1892 165 1939 tatem
177 1880 259 1938 nullo
275 1878 363 1937 modo
371 1876 469 1936 omnis
478 1875 549 1935 fides
557 1874 723 1951 deroganda
735 1886 788 1946 est,
802 1875 855 1932 etsi

81 1968 181 2028 multas
195 1969 255 2026 siut
271 1985 432 2044 gravesque
453 1983 547 2023 causae
560 1962 668 2041 quibus
679 1962 744 2040 ejus
761 1974 859 2020 aucto·

78 2057 153 2115 ritas
176 2055 334 2114 minuatur.
351 2054 418 2112 lam
432 2053 510 2112 enim
535 2051 608 2110 illud
628 2071 665 2110 ex
680 2053 747 2130 ipso
762 2049 858 2110 indice

78 2144 269 2223 perspicuum
292 2155 351 2213 est,
370 2143 446 2200 inter
460 2141 540 2218 ipsos
562 2139 731 2219 philosophi
752 2137 856 2210 libros,

78 2232 152 2290 tales
172 2230 280 2310 apponi
295 2231 346 2308 qui
361 2249 378 2288 e
392 2228 553 2307 majoribus
570 2240 680 2286 tantum
696 2227 784 2286 ruodo
806 2246 857 2285 ex·

78 2320 176 2398 cerpti
186 2331 280 2379 eram.
296 2317 354 2377 Nec
364 2317 461 2376 minor
475 2316 580 2375 deiude
593 2334 629 2374 ex
643 2316 764 2374 illorum
786 2335 853 2374 uar-

80 2407 250 2467 rationibus
262 2407 358 2465 oritur
377 2404 541 2477 dubitatio,
562 2404 614 2480 qui
637 2416 780 2462 testantur
792 2424 852 2462 nou

78 2515 203 2574 parvum
220 2514 371 2554 numerum
391 2492 554 2569 librorum,
569 2484 623 2571 per
642 2493 772 2553 fraudem
789 2492 857 2551 tri-

76 2585 191 2644 stntelis
204 2584 324 2643 nornine
332 2583 553 2661 inscriptorum,
562 2579 704 2659 AEgyptiis
714 2593 743 2642 et
751 2581 858 2656 Perga·

78 2673 176 2732 aaronis
199 2671 317 2749 regibus
339 2669 469 2731 oblatum
489 2689 561 2729 esse.
584 2667 700 2740 Quibus
725 2670 750 2729 si
774 2669 856 2728 addis

911 554 1005 634 ipsam
1029 553 1229 612 difficultatem
1261 553 1454 629 dignoscendi
1485 570 1619 616 auctores
1647 572 1688 617 tot

912 642 1093 700 voluminum
1106 644 1216 718 absque
1224 641 1394 701 nominibus
1409 642 1597 718 traditorum,
1610 667 1690 706 erro·

912 748 1033 807 remque
1058 749 1075 788 e
1107 730 1271 789 temerariis
1300 730 1470 790 criticorum
1508 732 1690 810 conjecturis

913 830 1030 894 ortum,
1044 837 1103 877 non
1119 816 1239 894 negabis
1251 820 1321 878 satis
1335 823 1460 898 amplam
1474 822 1623 898 materiem
1634 824 1690 881 du-

909 905 1059 965 bitationis
1071 923 1233 984 superesse.
1243 905 1286 965 Ex
1299 907 1388 965 altera
1399 920 1495 966 tamen
1504 923 1598 988 parte,
1610 909 1689 970 haud

911 1013 1005 1072 pauca
1015 1006 1094 1065 sunt,
1110 1013 1175 1072 quae
1185 1014 1244 1053 nou
1259 995 1596 1074 planeinconsideratam
1607 997 1690 1059 illius

910 1082 1000 1141 luisse
1020 1079 1219 1141 demonstrent
1239 1101 1376 1161 operam,
1393 1084 1445 1160 qui
1465 1084 1541 1143 hanc
1561 1084 1689 1145 tabulam

909 1169 1052 1229 condidit.
1065 1170 1109 1229 De
1123 1189 1180 1248 qua
1190 1170 1322 1248 prolecto
1335 1171 1439 1231 melius
1445 1170 1656 1249 judicaremus,
1666 1177 1690 1234 si

908 1271 937 1317 et
947 1258 1067 1318 illorum
1075 1256 1219 1317 librorum
1229 1259 1330 1319 titulos
1341 1258 1468 1337 adjicere
1477 1280 1536 1319 aron
1547 1262 1692 1322 omisisset

908 1346 1053 1423 Diogenes
1075 1345 1225 1419 Laertius,
1249 1367 1323 1426 quos
1337 1359 1370 1407 ut
1392 1350 1595 1426 supposititios
1612 1370 1629 1409 a
1643 1371 1691 1409 ce·

910 1436 979 1494 teris
993 1447 1195 1512 segregaverat
1216 1448 1317 1495 auctor
1340 1435 1456 1496 indicis.
1472 1436 1532 1497 Etsi
1551 1438 1642 1514 igitur
1656 1439 1692 1498 li·

912 1521 1016 1581 beuter
1030 1523 1185 1582 concedam
1196 1523 1419 1603 haudquaquam
1429 1527 1587 1604 omnesqui
1596 1527 1627 1585 in
1637 1527 1692 1586 hoc

913 1611 1011 1670 iudice
1031 1625 1218 1671 recensentur
1234 1611 1327 1673 libros
1344 1633 1400 1693 pro
1429 1614 1565 1690 genuinis
1590 1614 1691 1674 haberi

911 1699 1693 1780 posse,tamenallirmarenondubito,siexcipiasillos

911 1786 947 1845 cle
961 1787 1068 1865 quibus
1081 1807 1169 1866 supra
1180 1788 1241 1866 jaus
1256 1790 1384 1848 diximus
1396 1808 1413 1847 e
1423 1789 1691 1868 ruajoribusexcer·

912 1888 996 1953 ptos,
1011 1876 1191 1953 reliquorum
1206 1878 1259 1936 vix
1273 1897 1363 1937 unum
1379 1878 1541 1936 alterumue
1558 1898 1637 1951 esse,
1653 1879 1690 1936 de

913 1984 972 2041 quo
987 1968 1057 2023 satis
1070 1963 1176 2023 validis
1191 1966 1370 2042 argumentis
1386 1965 1583 2026 demonstrari
1596 1968 1690 2045 possit

916 2071 1018 2111 revera
1034 2072 1100 2111 eum
1116 2053 1268 2112 Aristoteli
1282 2052 1447 2130 abjudicari
1464 2054 1582 2113 debere.
1603 2055 1688 2125 Quod

914 2153 1009 2199 autem
1022 2141 1109 2216 plane
1122 2141 1208 2199 aliter
1222 2159 1253 2199 se
1272 2141 1370 2213 habet,
1386 2142 1413 2201 si
1427 2143 1474 2200 vel
1487 2143 1687 2221 Appendicem

915 2228 965 2304 qui
979 2241 1046 2308 post
1056 2231 1203 2306 Anonymi
1213 2227 1339 2288 iudicem
1351 2229 1471 2305 legitur,
1484 2231 1531 2288 vel
1543 2231 1692 2309 praecipue

915 2315 1171 2375 llsehemaluddini
1190 2316 1352 2394 catalogum
1374 2336 1440 2376 cum
1461 2318 1622 2396 antiquiori
1637 2319 1691 2377 illo

915 2404 1058 2481 longeque
1080 2406 1278 2482 praestantiori
1299 2405 1489 2466 conterimus.
1505 2405 1561 2465 set
1588 2406 1625 2465 de
1644 2406 1691 2466 his

915 2493 986 2551 satis
995 2491 1143 2571 jamdicta
1155 2507 1233 2565 suut,
1246 2495 1278 2552 in
1291 2494 1505 2572 repraesertim,
1521 2496 1632 2572 inqua,
1645 2509 1689 2554 te-

913 2581 1121 2640 stimoniorum
1141 2580 1180 2639 ob
1194 2582 1348 2660 penuriam
1374 2595 1432 2642 tarn
1447 2602 1524 2662 saepe
1539 2583 1576 2642 ad
1590 2583 1689 2661 corrje·

916 2683 1013 2730 eturas
1027 2670 1254 2749 confugiendum
1268 2685 1322 2732 est.
