3959 5900
837 524 1000 587 llthOGi.
1679 537 1715 593 ll

116 653 239 713 ἰνοντίιον
261 653 288 713 dl
301 656 352 713 siis
375 652 591 733 napatpouplrmr
606 656 636 713 ού
650 655 750 736 σμικρὰ
760 662 816 728 ’τῆς
836 660 888 716 τῶν

115 740 267 822 μυστηρίων
281 739 453 820 reprimam

153 830 213 889 Vix
235 843 310 889 reete
324 828 416 888 verba
436 830 472 896 ὡς
485 826 666 909 ’λριοιοτίλιςς
694 831 888 913 expungenda

116 937 181 978 esse
197 918 309 978 censuit
330 918 530 993 Petarius,ita
545 930 577 975 ut
601 937 666 995 quae
677 919 885 993 sequunturdc

113 1005 232 1065 Socrate
247 1005 417 1085 accipienda
430 1019 536 1067 essent.
553 1008 657 1085 Supra·
669 1006 746 1064 enim
770 1006 887 1065 dixerat

112 1093 259 1168 Julianus,
274 1115 305 1174 p.
322 1095 380 1171 (39
398 1116 405 1151 :
427 1093 477 1161 Ti<
491 1092 543 1165 tii
556 1093 715 1166 ilicitanus,
730 1094 847 1161 nolani<
861 1094 889 1154 il

114 1173 144 1253 ἦν
155 1181 182 1239 lu
201 1180 299 1248 τούτοις
311 1184 321 1258 (
328 1180 388 1260 aspi
397 1182 449 1238 τῶν
460 1183 527 1240 θεῶν
537 1180 654 1259 ὀνόματα
668 1180 744 1258 scil.)
768 1179 887 1259 Ἄριστο-

111 1268 203 1341 τίληςς
217 1257 260 1348 ἆρ’
275 1270 323 1328 οὐκ
336 1266 406 1336 ἄξιον
418 1264 483 1326 αὐτὸ
494 1267 571 1339 litim

150 1354 196 1413 Ad
212 1355 362 1432 dialogum
375 1355 411 1414 de
425 1353 619 1433 Philosophia
634 1356 733 1432 potins
747 1354 825 1414 hunc
842 1356 884 1412 lo·

110 1463 175 1500 cum
191 1442 375 1502 referendum
389 1455 460 1521 puto
473 1462 559 1520 quom
575 1442 610 1499 ad
624 1444 789 1521 epistolam,
809 1443 887 1520 (guod

111 1529 200 1591 llosio
221 1532 340 1611 placuit.

348 1692 396 1752 ti.
426 1694 650 1753 ΠΟΛΙΤΙΚΟΣ.

147 1854 192 1912 De
200 1853 256 1912 hoc
262 1853 379 1930 dialogo
390 1856 530 1915 Πολιτικοῦ
540 1853 565 1911 α’
577 1853 613 1931 β’,
622 1856 709 1933 Diog.
718 1855 753 1916 L.
767 1858 818 1931 (l),
829 1859 885 1917 llo-

106 1940 206 2008 λιτικὸς
220 1939 256 2012 u‘,
272 1944 431 2019 Annuit),
447 1942 617 2021 accipienda
637 1942 776 2001 videntur
791 1963 886 2022 (lutea

107 2032 253 2092 Cicerone
270 2030 428 2091 dictasunt
442 2031 479 2090 de
490 2030 612 2091 linibus
622 2030 657 2104 V,
671 2040 700 2106 l,
719 2053 765 2103 ιι,
777 2032 807 2090 in
817 2050 887 2092 enu-

108 2111 271 2180 meratione
290 2118 436 2180 librorum
457 2119 623 2179 Aristotelis
645 2133 674 2178 et
689 2120 886 2198 Theophrasti

105 2209 183 2268 dere
191 2205 309 2288 publica
322 2227 329 2264 z
341 2205 539 2279 Omniumfcre
549 2214 687 2265 civitatum
700 2228 756 2265 non
767 2211 885 2265 Groecice

105 2302 206 2371 somni,
218 2299 272 2356 sed
284 2304 368 2355 etiam
385 2298 544 2366 Barbaria,
565 2298 603 2352 ab
618 2300 767 2354 Aristotele
788 2317 885 2370 rioms,

104 2393 242 2457 instituta,
261 2384 437 2461 disciplinas,
452 2405 471 2440 a
493 2384 686 2461 Theophrasto
709 2388 785 2460 leges
799 2393 883 2444 etiam

104 2477 285 2548 cognovimus
295 2471 347 2552 (cf.
362 2472 449 2548 Diog.
467 2471 561 2532 Luem.
575 2470 610 2544 V,
628 2480 664 2542 li
683 2495 690 2531 ι
706 2471 802 2547 Νόμων
816 2473 883 2531 κατὰ

105 2570 237 2640 στοιχεῖον
250 2560 311 2636 κδ’).
327 2560 472 2635 Quumque
494 2572 608 2635 uterque
621 2579 714 2616 eorum
734 2562 882 2630 docuisset,

30 2700 36 2714 ,
105 2653 219 2725 qualern
236 2655 266 2705 in
278 2669 308 2705 re
318 2651 436 2725 publica
441 2652 598 2723 principem
619 2643 699 2728 [esse]
716 2656 882 2720 conveniret,

101 2739 232 2812 pilaribus
241 2750 383 2812 proeterea
392 2740 608 2810 conscripsisset,
623 2741 673 2808 qui
682 2749 754 2791 esset
765 2742 884 2810 optimus

105 2833 146 2881 rei
157 2827 282 2901 publicae
293 2837 390 2892 status,
405 2823 458 2880 hoc
466 2826 588 2898 amplius
603 2822 810 2898 Theophrastus
819 2843 883 2898 quae

103 2920 236 2971 essentia
247 2911 404 2989 republica
419 2913 616 2969 inclinationes
625 2923 653 2968 ct
662 2924 801 2968 momenta
814 2923 883 2968 tenr-

100 3023 200 3077 purum
218 3000 314 3079 (ttiog.
333 2999 427 3060 Laert.
450 3003 483 3069 V,
500 2989 561 3067 ib:
585 2998 724 3066 Πολιτικὸς
742 2999 807 3076 πρὸς
824 2998 881 3063 τούς

102 3086 209 3166 καιρούς
224 3088 250 3146 α’
266 3088 290 3167 β’
302 3086 325 3166 γ’
340 3087 362 3144 δ’
365 3092 382 3168 J,
396 3089 493 3164 quibus
512 3101 583 3144 esset
602 3090 820 3156 irrorlerandunr,
838 3103 881 3145 ut·

102 3197 211 3253 cunque
231 3196 275 3233 res·
286 3179 453 3253 postularet.
473 3173 601 3234 Eundem
626 3175 748 3234 sortasse
769 3175 878 3234 librum

103 3264 198 3339 tangit
212 3263 244 3322 in
259 3264 383 3342 epistola
404 3263 440 3322 ad
454 3262 594 3332 Quintum
616 3263 665 3340 lr.,
686 3262 746 3334 ΙΙΙ,
770 3263 812 3321 5:
843 3269 883 3322 tn·

104 3353 171 3408 libri
187 3353 249 3428 (De
263 3359 369 3430 optimo
377 3367 451 3410 statu
467 3357 584 3408 ciuitatis
597 3365 626 3409 et
636 3355 673 3408 cle
686 3357 792 3427 optimo
805 3350 880 3432 cita)

102 3459 187 3514 quum
220 3445 249 3495 in
278 3443 435 3498 Truculuno
463 3440 534 3497 utin
565 3443 723 3513 legeruntrcr
751 3442 882 3497 audiente

102 3534 251 3605 Sallustio,
278 3536 437 3589 admonitus
454 3553 514 3589 surn
534 3531 573 3589 ab
596 3536 645 3590 ilio
663 3535 749 3589 multo
774 3539 881 3604 majore

102 3628 270 3678 atrctoritate
285 3623 346 3677 illis
357 3622 394 3677 cle
409 3619 491 3677 rebus
502 3623 560 3676 dici
567 3641 657 3695 posse,
677 3627 701 3676 si
715 3626 776 3695 ipse
787 3624 879 3696 loque·

102 3727 148 3763 rer
160 3709 199 3763 ale
215 3709 369 3781 republica,
382 3713 540 3781 praesertim
559 3727 642 3782 quum
656 3726 743 3763 essem
753 3726 809 3763 non
822 3710 880 3765 He-

101 3796 226 3850 raclides
238 3795 368 3848 Ponticus
377 3797 432 3849 sed
443 3795 607 3861 consularis,
619 3808 647 3850 et
657 3800 681 3849 is
692 3800 776 3869 quiin
790 3803 880 3851 maai·

102 3889 158 3938 nris
177 3890 307 3935 versatus
322 3885 352 3934 in
366 3878 508 3954 republica
522 3880 602 3934 rubus
617 3899 716 3939 essem.
736 3881 807 3952 Quoe
822 3894 879 3937 turn

945 656 1040 716 Paris.
1056 669 1076 714 t.
1099 657 1153 735 ΙΙΙ,
1175 678 1207 736 p.
1224 659 1281 726 lab
1295 658 1422 734 legitur:
1437 656 1488 719 sd
1500 657 1528 717 dl
1542 658 1574 717 τὸ
1587 662 1720 721 πολιτικὸν

942 742 1094 823 γέγραπται
1110 746 1183 823 αύτῷ
1195 745 1337 819 πολιτικός,
1356 746 1425 805 lieet
1437 747 1528 805 simili
1544 746 1632 806 modo
1644 738 1721 831 apud

942 832 1065 891 eundem
1075 832 1284 893 (Economicus
1295 834 1476 904 nominetur,
1491 835 1612 895 sortasse
1621 850 1650 896 et
1659 838 1722 916 ipse

943 922 1019 980 inter
1043 922 1176 999 dialogos
1200 922 1381 984 referendus.
1405 923 1448 983 (tt.
1483 923 1576 981 David
1603 925 1720 1001 Proleg.
1795 970 1798 974 ι

943 1030 971 1088 p.
987 1010 1042 1081 οὔ,
1060 1010 1094 1081 B,
1114 1032 1138 1071 t.

1012 1176 1046 1235 λ’.
1062 1178 1152 1237 ΠΕΡΙ
1170 1177 1391 1239 ΡΗΤΟΡΙΚΗΣ
1412 1179 1437 1237 ll
1455 1180 1648 1240 seturna.

982 1340 1008 1398 'l'
1010 1342 1099 1402 italus
1109 1341 1220 1421 dialogi
1235 1344 1313 1421 apud
1329 1346 1417 1420 Diog.
1436 1343 1469 1403 L.
1488 1342 1524 1418 (5(
1550 1344 1609 1425 aspi
1624 1343 1723 1418 ‘Puto-

943 1432 1016 1507 ριιιῆς
1030 1428 1047 1499 ἢ
1064 1429 1179 1510 Γρύλλος
1191 1428 1228 1503 a',
1242 1431 1320 1509 apud
1331 1433 1477 1510 hnonym.
1502 1430 1541 1508 l5l
1557 1432 1625 1512 llspl
1640 1436 1721 1495 Πολι·

941 1518 1017 1585 τικῆς
1030 1515 1047 1586 ἢ
1063 1516 1179 1593 Γρύλλος
1188 1519 1224 1597 γ’,
1235 1519 1313 1598 quod
1330 1520 1395 1579 sine
1406 1519 1499 1579 dubio
1512 1541 1529 1579 e
1543 1522 1719 1597 praecedenti

942 1605 1028 1664 titulo
1049 1605 1191 1666 Πολιτικὸν
1206 1607 1231 1664 α’
1247 1621 1418 1687 corruptum
1440 1622 1495 1669 est.
1517 1610 1574 1679 Qui
1600 1610 1718 1687 dialogo

941 1715 1049 1754 nomeu
1057 1695 1150 1767 dedit,
1165 1696 1287 1773 Gryllus
1299 1697 1350 1755 illc
1363 1689 1569 1776 Xenophontis
1577 1699 1655 1757 iilius
1663 1714 1718 1770 est,

941 1795 971 1840 ut
981 1804 1016 1840 ex
1025 1785 1292 1862 ipsiushristotelis
1303 1784 1415 1861 verbis,
1427 1806 1444 1844 e
1458 1787 1604 1862 proaemio
1619 1800 1651 1845 ut
1666 1788 1716 1846 vi-

940 1871 1025 1929 detur
1045 1873 1220 1950 desumptis,
1238 1872 1315 1951 apud
1332 1873 1490 1948 Diogenem
1507 1872 1656 1933 Lnertiuru
1670 1879 1717 1947 (cl.

942 1958 977 2018 fr.
1002 1961 1027 2034 t)
1049 1972 1136 2037 patet.
1152 1959 1321 2019 Verisimile
1337 1960 1428 2036 igitur
1444 1960 1477 2017 su
1493 1961 1641 2037 dialogum
1657 1983 1715 2021 non

940 2045 982 2103 ita
1017 2047 1140 2106 multum
1169 2061 1235 2126 post
1271 2067 1399 2127 pugnam
1435 2047 1512 2125 apud
1542 2048 1717 2108 Mantineam

942 2133 1071 2213 (Olymp.
1091 2143 1157 2208 sol,
1179 2134 1207 2214 3)
1223 2137 1422 2214 conscriptum
1452 2136 1555 2208 luisse,
1571 2157 1633 2214 quo
1653 2150 1721 2196 tenr-

941 2242 1014 2300 porc
1024 2223 1141 2282 tertium
1156 2235 1185 2281 et
1198 2223 1372 2298 vigesimum
1386 2223 1479 2281 aetatis
1491 2243 1598 2282 annum
1617 2223 1720 2301 agebat

939 2309 1121 2370 Aristotcles.
1143 2309 1203 2371 nec
1226 2310 1323 2372 minus
1346 2307 1402 2369 hoc
1429 2309 1550 2370 fortasse
1576 2312 1741 2390 suspicari·

939 2394 1145 2470 licet,cont1·a
1168 2394 1325 2454 lsocratem
1348 2396 1512 2475 disputasse
1532 2398 1563 2457 in
1584 2397 1640 2455 hoc
1661 2398 1721 2457 dia·

939 2485 1007 2561 logo
1023 2483 1216 2555 Aristotelem,
1228 2503 1317 2561 quum
1328 2498 1356 2542 et
1365 2483 1443 2541 ltunc
1451 2484 1527 2542 inter
1539 2484 1607 2543 illos
1618 2485 1717 2559 luisse,

938 2573 988 2649 qui
1007 2570 1125 2647 ἐγκώμια
1142 2570 1240 2648 Grylli
1256 2571 1512 2650 conscripsissent,
1537 2570 1719 2651 Hermippus

937 2659 1050 2732 doceat,
1064 2659 1141 2737 opud
1157 2660 1281 2736 Diogen.
1292 2657 1387 2720 Laert.
1406 2657 1446 2733 ll,
1463 2660 1512 2719 55.
1525 2660 1596 2720 lnde
1607 2674 1636 2719 et
1645 2661 1719 2723 illud

938 2749 1127 2827 perspicitur,
1143 2748 1214 2805 satis
1232 2744 1416 2825 probabilem
1437 2746 1633 2823 conjecturam
1656 2769 1719 2809 esse

937 2835 1090 2912 bernaysii
1106 2835 1127 2894 l.
1142 2835 1162 2896 l.
1185 2857 1214 2913 p.
1238 2837 1304 2909 157,
1326 2836 1362 2894 ad
1377 2836 1455 2895 hune
1470 2836 1620 2913 dialogum
1647 2839 1718 2898 reie-

937 2923 1042 2995 rentis,
1060 2936 1165 3002 prater
1181 2922 1360 2993 Quintiliani
1371 2924 1467 2983 locum
1483 2922 1578 2984 lnstit.
1594 2923 1650 2997 lll,
1671 2926 1715 2996 13,

937 3011 1074 3089 Dionysii
1088 3013 1125 3071 de
1139 3015 1262 3073 Isocrat.
1279 3011 1377 3074 ludio.
1391 3034 1416 3070 c.
1432 3013 1462 3085 5,
1473 3032 1502 3090 p.
1524 3012 1582 3087 576
1596 3011 1715 3079 Reisk.;

937 3100 1069 3160 clinica
1090 3101 1247 3177 fragmenta
1268 3100 1337 3160 libri
1364 3102 1472 3180 Τεχνῶν
1496 3099 1643 3178 {araturi
1666 3102 1715 3158 in·

937 3187 1044 3266 scripti

1269 3352 1295 3390 1.
1314 3332 1389 3409 (ιι.)

975 3500 1100 3575 Diogen.
1123 3498 1219 3559 Laeni.
1237 3499 1277 3570 ll,
1302 3497 1338 3554 55
1356 3518 1363 3554 ι
1381 3495 1457 3568 Φησὶ
1480 3496 1507 3553 δὲ
1529 3495 1712 3575 Ἀριοιοτιλης

936 3585 977 3644 ύτι
991 3585 1112 3664 ἐγκώμια
1123 3585 1170 3644 καλ
1191 3584 1326 3665 ἐπιτάφιον
1340 3585 1457 3663 Γρύλλου
1470 3582 1558 3663 μυρίοι
1573 3582 1628 3643 boot
1642 3583 1714 3642 curl-

934 3674 1051 3752 γροψαν,
1072 3672 1102 3731 τὸ
1120 3672 1198 3751 μέρος
1211 3673 1257 3730 καὶ
1269 3676 1307 3752 τῷ
1316 3671 1398 3753 πατρὶ
1412 3671 1591 3753 χαριζόμενοι.

1265 3849 1293 3888 2.
1310 3829 1383 3905 (τι.)

100 3973 226 4043 antiquis·
241 3964 399 4023 hominibus
414 3964 564 4045 (Africani
577 3979 605 4022 ct
624 3971 777 4023 amicorum
800 3967 880 4026 scili·
976 3973 1099 4043 Quintil.
1123 3972 1230 4033 lustitt.
1260 3973 1339 4032 Orat.
1372 3973 1413 4046 ll,
1432 3995 1463 4046 ¹7
1493 3997 1499 4031 :
1528 3979 1712 4033 Transeamus

101 4056 156 4132 cet)
165 4057 358 4125 attribuerem,
373 4075 409 4112 ea
421 4061 514 4111 nisum
527 4061 563 4110 iri
572 4056 646 4129 ficta
659 4073 753 4114 esst...
766 4058 880 4131 Art'sloss
935 4069 1024 4138 igitur
1038 4064 1080 4118 ad
1088 4082 1152 4118 earn
1169 4068 1351 4137 qtecestionern
1368 4083 1433 4137 quoe
1445 4071 1579 4138 sequitur,
1595 4085 1634 4120 an
1643 4066 1712 4122 rhe-

101 4147 185 4200 telem
198 4144 321 4218 (lenique
333 4164 398 4219 quen
412 4148 448 4200 de
459 4146 602 4218 republica
613 4158 641 4200 ct
648 4158 803 4220 praestante
815 4152 879 4203 viro
933 4158 1019 4210 rorice
1033 4171 1081 4207 ars
1093 4158 1142 4208 sir.
1154 4153 1238 4224 Quod
1246 4153 1389 4228 quidesse...
1402 4171 1438 4207 ex
1446 4155 1480 4206 iis
1494 4173 1558 4228 quoe
1568 4165 1712 4229 praecepta

102 4231 178 4308 (cive
200 4228 278 4307 conj.
293 4231 389 4308 Rern.)
403 4232 605 4307 scribatipsurn
619 4233 702 4306 loqui.
725 4235 879 4290 Commort't
930 4242 1042 4297 decadi
1061 4242 1235 4296 tradiderunt
1259 4259 1340 4298 nenro
1364 4242 1505 4296 dubitavit
1518 4280 1548 4301 ...
1573 4243 1626 4296 sed
1649 4262 1711 4298 cum

101 4332 230 4376 meeleb
243 4326 336 4394 mugit
349 4323 425 4397 quod
435 4326 577 4377 inaximo-t
589 4335 679 4377 'uolut
698 4335 801 4378 uoslroe
812 4327 877 4378 clvi·
931 4328 976 4384 his
983 4327 1147 4404 philosophi
1157 4342 1185 4385 et
1193 4328 1279 4384 Stoici
1286 4341 1315 4383 et
1322 4330 1503 4402 Peripatetici
1508 4330 1637 4404 plerique
1645 4349 1712 4386 con-

101 4412 165 4463 tutis
179 4413 318 4482 attingere
329 4430 385 4465 non
396 4424 535 4486 poteram,
548 4412 624 4484 quod
636 4423 717 4466 crant
732 4407 878 4481 inferiores
930 4422 1062 4475 sentiunt,
1086 4416 1104 4492 ς
1120 4424 1147 4484 4.
1168 4417 1305 4489 Equidem
1322 4417 1386 4470 illos
1402 4419 1450 4488 qui
1462 4427 1561 4469 contra
1583 4416 1711 4490 disputa-

101 4515 187 4570 quam
202 4498 313 4553 illarum
329 4510 401 4553 aetas
413 4504 462 4573 pui
474 4500 666 4573 loqrtebnntur.
929 4516 995 4560 rrtnt
1004 4522 1060 4559 non
1071 4515 1129 4558 tarn
1142 4507 1258 4558 seruisse
1270 4503 1345 4577 quad
1350 4503 1474 4557 dicerent
1485 4521 1571 4577 quam
1581 4520 1711 4559 enatuere

139 4581 213 4642 vide
229 4596 324 4642 umen
349 4603 385 4643 ne
407 4582 458 4642 hic
468 4584 578 4664 potius
602 4586 639 4644 de
654 4584 741 4644 libris
755 4584 816 4665 πιρλ
834 4590 877 4646 Δι·
931 4595 1183 4665 ingeniamaterr'oe
1196 4586 1369 4664 difficultate
1382 4591 1465 4646 credo
1478 4591 1635 4646 nouisse...
1649 4590 1666 4665 §
1680 4589 1707 4647 ὃ.

16 4713 20 4718 -
101 4670 243 4743 κιιοσύνης
256 4673 338 4750 loqui
364 4672 576 4732 existimandus
590 4674 629 4732 sit
647 4672 760 4731 Cicero.
784 4672 876 4750 Magis
931 4678 1055 4750 Quidam
1070 4678 1230 4732 naturalem
1253 4695 1313 4733 esse
1335 4675 1490 4732 rhetoricen
1509 4679 1619 4735 nolunt.
1642 4676 1659 4751 §
1681 4697 1708 4750 ρ.

100 4760 187 4818 etiam
199 4761 341 4818 incertum
360 4774 404 4819 est
416 4777 486 4819 num
501 4760 538 4819 ad
554 4760 633 4820 hunc
647 4760 792 4837 dialogice
803 4765 875 4821 scri·
929 4765 1013 4821 Nihil
1021 4765 1096 4840 quod
1104 4783 1141 4819 ex
1154 4777 1216 4820 arte
1224 4766 1360 4840 fiatuate
1375 4761 1601 4836 artemsuisse...
1618 4763 1636 4839 S
1661 4784 1707 4823 ιι.

100 4861 181 4925 ptum
196 4846 306 4906 librum
322 4847 504 4906 referendum
520 4848 568 4922 sit,
587 4848 665 4928 quod
681 4849 713 4908 in
726 4850 873 4929 Anonymi
929 4855 994 4910 Non
1009 4872 1069 4909 esse
1082 4856 1151 4909 artis·
1173 4855 1206 4908 id
1219 4855 1296 4928 quod
1313 4852 1407 4919 saciat
1432 4859 1480 4929 qui
1495 4874 1550 4910 non
1566 4856 1706 4923 didicerit,

100 4933 218 5011 Proleg.
235 4935 270 4994 ad
284 4936 495 5014 Porphyrium,
513 4939 591 5025 apud
607 4936 736 4998 Cramer.
762 4939 872 5000 ‚luced
927 4941 974 4996 dic
990 4945 1124 5000 maalein
1139 4940 1302 4998 hanzineset
1315 4948 1362 5015 qui
1372 4939 1645 5017 nondidicerint...§
1659 4949 1705 5010 tl.

931 5130 1070 5181 innumeros
1083 5130 1221 5194 scdpdssc,
1232 5130 1293 5195 patri
1304 5130 1401 5194 qudem
1414 5133 1505 5195 partem
1518 5107 1622 5178 'laudum
1633 5093 1705 5190 groti·

472 5222 493 5264 t.
929 5215 1036 5268 iimina

130 5297 211 5351 lteiert
225 5300 365 5352 Aristoteles
377 5301 453 5366 Grylli
469 5303 576 5353 mcomia
594 5305 666 5368 uque
677 5304 797 5368 epitaphia
815 5307 872 5355 tunc

238 5126 280 5174 DE
298 5124 473 5177 llllliTOlllCA
491 5129 562 5177 Sll'li
582 5128 733 5179 auratus.
