3959 5900
684 556 688 563 .
751 498 801 557 DE
821 495 899 559 (ΒΑΕ
920 491 1104 557 arrecto.

119 642 267 718 mologiae,
284 636 385 717 quales
394 633 520 713 exempli
540 649 628 691 causa
641 632 673 689 in
686 628 798 689 Ethicis
811 627 895 688 Nico·

116 728 251 790 macheis
265 726 401 804 leguntur
419 720 489 792 ubi,
506 718 542 792 V,
569 719 599 795 5,
618 738 650 794 9,
680 716 778 783 δίκαιος
793 736 810 774 a
823 716 896 795 δίχα,

115 838 175 878 seu
194 813 260 887 vlt,
286 833 332 884 ιι,
356 830 386 881 a,
403 804 532 888 ρισκόριος
551 803 684 885 agnique
706 803 896 864 derivantur?

122 906 198 965 lude
206 904 267 982 jam
276 899 399 960 videsin
409 893 537 975 Etymoi.
547 893 588 954 Μ.
598 914 628 973 p.
641 892 753 965 56(,τι
767 892 816 969 (σι’.
828 890 898 969 Ety-

118 993 193 1054 ruol.
206 988 369 1065 Gudianp.
383 987 452 1062 369,
468 1005 515 1058 ιη,
527 981 653 1060 Etymol.
664 980 765 1039 Orion.
775 1001 804 1059 p,
817 979 869 1058 93)
885 1003 894 1039 ι

117 1081 157 1143 Ὃ
170 1080 198 1140 ii
207 1075 375 1158 Ἀρίσταρχός
388 1097 465 1156 ρησι,
475 1069 548 1150 παρὰ
556 1069 587 1130 τὸ
598 1073 648 1147 λῶ,
659 1068 689 1127 r'o
698 1066 776 1142 θελω,
789 1086 896 1128 nomen

122 1165 284 1228 Aristarchi
301 1163 376 1223 male
401 1181 457 1240 pro
479 1156 644 1218 Aristotelis
668 1154 796 1235 positum
820 1172 893 1213 esse.

115 1255 255 1317 Ceterum
270 1252 328 1311 lroc
340 1250 530 1325 fragmentum
540 1258 569 1304 et
582 1262 648 1323 quae
659 1255 821 1321 sequuntur
837 1241 895 1299 iio·

123 1342 241 1402 mericis
256 1336 465 1419 quaestionibus
483 1332 704 1412 adscripsimus,
723 1330 777 1390 etsi
796 1329 895 1411 potius

119 1431 244 1489 :fortasse
264 1427 301 1486 ad
314 1426 446 1502 dialogos
460 1419 612 1482 referenda
625 1420 695 1481 sint.

421 1574 460 1641 ιν
484 1570 584 1651 (ιιι).

164 1715 350 1798 Epimerismi
358 1714 476 1775 Homer.
486 1711 566 1791 apud
572 1710 669 1770 Crem.
678 1706 786 1768 Anecd.
800 1707 897 1769 Onon.

117 1822 145 1873 t.
166 1807 239 1885 1,p.
256 1823 291 1877 17
313 1799 446 1868 ελλοόσιις
468 1795 732 1880 εἈριστοτίληε
753 1791 782 1855 δί
805 1793 850 1854 διὰ
870 1793 900 1854 τὸ

124 1892 300 1976 ριλσδόλρσνς
321 1880 388 1951 εἶναι
403 1891 512 1951 Μοῦσαι
526 1885 604 1946 οἶονελ
621 1887 687 1962 ὁμοῦ
703 1873 812 1955 uisuri
831 1885 899 1961 spot

124 1989 246 2060 σοοῦσσι,
258 1970 313 2042 οἷον
325 1978 454 2059 όρρῖνσαι·
472 1973 524 2034 ddi
535 1971 651 2035 Πλάτων
665 1971 808 2052 (sequitur
820 1970 901 2031 locus

116 2089 141 2130 e
155 2069 287 2147 Cratylo,
302 2087 336 2147 p.
349 2065 419 2137 (06,
432 2062 477 2141 t).

437 2218 476 2289 ιν
501 2208 591 2289 (nr).

164 2367 264 2427 Schoi.
284 2365 350 2426 cod.
365 2366 439 2426 Veu.
456 2363 479 2421 B
501 2363 536 2421 in
551 2362 586 2422 ss.
600 2383 630 2434 τι,
645 2361 702 2419 3ο3
724 2358 899 2440 ιἝρωήσιιε

118 2450 204 2533 πτερὰ
224 2452 272 2523 την
300 2449 401 2533 ἔρσην,
423 2449 483 2524 ἤτοι
503 2448 626 2529 ὁρμήσει.
651 2448 788 2529 Ἔναργῶς
807 2446 836 2505 di
857 2446 903 2506 τιό·

119 2563 227 2623 ρσνται
236 2539 268 2600 τό
280 2539 342 2623 περὶ
356 2539 387 2601 τό
401 2538 465 2621 δόρυ
479 2539 537 2616 μεθ’
551 2540 581 2618 dp
602 2538 635 2609 ἥς
652 2534 810 2616 ἐκχεόμενον
821 2523 900 2611 tripu.

127 2630 184 2690 Καὶ
197 2628 297 2699 ταύτας
310 2626 445 2710 ἶρψὸχονις
462 2626 552 2705 ἔλεγεν
573 2561 641 2684 ιλιι
654 2625 718 2703 παρ’
736 2625 810 2705 σιίτῷ
822 2620 904 2691 iiiuc

123 2715 374 2796 Ἀριστοτέληξ.

166 2805 264 2866 Schoi.
283 2804 356 2863 Ven.
377 2804 401 2861 B
420 2802 454 2862 in
468 2800 504 2860 lt.
525 2822 552 2875 ιι,
567 2800 623 2868 mr
640 2798 769 2880 ιΠρῆστν
791 2820 803 2860 τ
818 2796 903 2878 Ἀρι-

126 2892 295 2966 στοτέλης
319 2890 398 2974 ρησλν
421 2893 457 2958 ὣς
471 2887 613 2965 κινούμενα
627 2884 745 2963 ὀνόματα
770 2884 866 2968 γρόρεὶ
889 2889 904 2945 ὁ

124 2981 251 3054 ποιητός.
596 3001 601 3010 ·

166 3069 299 3130 schotv
313 3069 346 3128 in
363 3067 400 3130 ΙΙ.
416 3092 449 3142 τ,
473 3068 553 3128 sss:
569 3064 713 3137 Πόττηνεν
734 3064 904 3127 :tremam

124 3159 179 3217 τῶν
193 3155 397 3238 ἔπιῗινὋμήρου
410 3154 487 3215 τοῦτό
499 3177 582 3235 φησιν
596 3150 831 3235 Ἀριστοτέλης,
845 3142 905 3235 iud»

124 3244 223 3312 πάντες
239 3247 410 3325 promeritum,
426 3242 473 3302 κοιλ
488 3241 583 3302 οἰκεῖον
607 3239 757 3323 βσρόόρων.
771 3241 815 3302 Cf:
830 3259 904 3320 pras·

130 3346 210 3391 terea
222 3331 372 3413 Porphyr.
401 3332 434 3391 in
449 3330 548 3391 Schoi.
567 3334 591 3390 Α
612 3331 636 3389 Β
657 3331 684 3389 1)
701 3331 734 3389 in
748 3331 783 3389 li.
797 3334 824 3403 t,
840 3331 901 3405 87:

128 3421 218 3489 Δεινός
236 3423 307 3481 ἔστιν
322 3417 445 3501 Ὀριηροε
459 3418 506 3479 κοιλ
528 3418 573 3478 διὸ
595 3428 657 3497 μιᾶς
672 3418 765 3489 λέξεως
783 3416 844 3478 όλον
859 3418 905 3477 τὸν

130 3510 215 3588 ἄνδρα
230 3506 383 3584 σημαίνειν.
564 3539 569 3550 ·

168 3595 276 3654 Priora
295 3598 365 3653 satis
381 3594 568 3654 consentiunt
582 3593 722 3653 cumillis
737 3612 803 3671 quae
818 3612 905 3674 expo·

128 3684 186 3742 sita
201 3693 271 3741 suut
290 3682 322 3740 in
341 3680 424 3741 uhu.
445 3680 500 3757 ill,
524 3701 557 3739 rt
584 3701 603 3739 a
626 3699 637 3741 ε
657 3681 712 3742 Καὶ
726 3682 762 3748 ὣς
776 3679 906 3760 κέχρηται

127 3769 256 3848 ’Όμηρος
269 3770 407 3848 πολλαχοῦ
427 3770 467 3848 τῷ
482 3767 517 3825 τό
532 3767 624 3849 ἄψυχα
639 3767 748 3847 {pinpo
762 3767 847 3845 λέγειν
862 3765 906 3827 did

127 3862 177 3929 τῆς
201 3863 390 3938 μεταφορᾶς...
419 3853 563 3932 κινούμενα
585 3854 637 3935 γὰρ
658 3855 704 3914 sud
725 3859 811 3924 ζῶντα
836 3859 907 3915 ποιεῖ

126 3946 230 4019 πάντα,
246 3944 303 4018 ἡδ’
318 3943 435 4024 ἱνέργειιι
447 3941 560 4016 κίνησις.
576 3942 683 4002 Omnia
699 3957 794 4002 tamen
808 3943 906 4022 potius

125 4032 287 4110 eidialogo
308 4032 346 4092 de
369 4031 469 4092 Poetis
492 4031 645 4111 desumpta
669 4050 733 4091 esse
762 4031 904 4105 arbitror,

130 4121 209 4181 nude
223 4134 253 4180 et
261 4121 410 4181 Plutarchi
423 4120 506 4180 locus
520 4119 649 4194 fluxerit,
664 4120 702 4179 de
713 4119 827 4199 Pythio
835 4139 904 4180 ors-

128 4209 217 4283 cuiis,
232 4230 259 4270 c.
269 4209 306 4267 δι
317 4207 496 4289 Ἀριστοτέλης
508 4206 556 4287 ptr
567 4201 612 4268 adr
626 4207 704 4285 μόνον
713 4205 838 4289 Ὅμηρον
849 4208 906 4267 tta·

127 4320 161 4375 γι
174 4295 315 4374 εινοόρεενιι
328 4303 412 4356 ποιεῖν
423 4296 550 4374 ὀνόματα.

122 4657 125 4662 ⁴
161 4599 303 4650 ausuum
315 4600 397 4680 Musas
405 4598 439 4650 iis
450 4513 579 4664 oppidum
592 4608 647 4649 esse
658 4598 726 4661 puisi
740 4599 826 4662 tdpoi
834 4594 904 4646 otium

134 4685 274 4748 (φισιιιισ
285 4684 366 4747 suut)
386 4685 487 4749 propter
501 4683 613 4734 mutuum
629 4694 737 4738 amorem
773 4681 825 4736 stre
843 4682 904 4735 dum

130 4775 234 4823 «τοῦτον
251 4769 291 4835 (id
306 4771 344 4823 est
358 4784 407 4822 nna
420 4771 534 4834 cientes).

1670 491 1726 557 131

1093 628 1137 706 V.
1168 623 1358 701 SCRIPTA
1385 624 1567 703 sufflet.

990 785 1145 858 Quomodo
1167 785 1272 844 factum
1286 785 1339 857 sit,
1361 797 1394 843 ut
1417 785 1449 843 in
1471 785 1569 844 indioe
1588 782 1729 860 Diogenis

953 876 1027 954 (38)
1049 873 1163 935 Ἠθικῶν
1187 870 1211 931 τ’
1226 872 1250 952 β’
1265 873 1290 951 γ’
1312 870 1369 931 ds‘
1386 885 1497 932 tantum
1524 872 1727 944 nominentur,

949 983 1041 1041 quum
1060 974 1159 1021 contra
1175 962 1347 1039 Anonymus
1364 959 1479 1020 Ἠθικῶν
1493 960 1519 1018 κ’
1535 959 1609 1039 (37)
1628 977 1729 1018 recen·

948 1065 1005 1127 set,
1019 1070 1081 1110 non
1098 1050 1194 1126 magis
1211 1048 1301 1126 hujus
1323 1048 1383 1108 ioci
1408 1060 1452 1107 est
1468 1048 1618 1126 querere,
1643 1065 1730 1125 quam

949 1139 986 1199 de
1013 1137 1182 1197 auctoribus
1212 1136 1405 1214 Ethioorum,
1442 1153 1568 1214 quorum
1602 1152 1668 1213 qum
1694 1134 1731 1193 ad

948 1226 1156 1287 Nicomachum
1177 1226 1318 1306 iuscripta
1339 1238 1408 1285 suut
1420 1223 1599 1284 Nicomacho
1618 1222 1731 1283 Aristo·

949 1316 1017 1376 telis
1032 1316 1095 1375 filio
1108 1335 1125 1373 a
1138 1314 1280 1375 Cicerone
1291 1315 1328 1373 de
1346 1310 1445 1375 Finib.
1460 1312 1495 1391 V,
1510 1313 1540 1387 5,
1560 1332 1595 1371 ιτ
1613 1324 1644 1371 et
1659 1312 1731 1372 Dio·

949 1422 1023 1482 gene
1041 1404 1156 1465 Laertio
1173 1402 1253 1475 Vlll,
1268 1405 1305 1463 88
1322 1402 1378 1482 (σί.
1393 1401 1487 1465 Ethic.
1503 1402 1540 1460 ad
1562 1400 1676 1462 Nicom.
1692 1398 1731 1475 X,

950 1512 977 1553 c.
990 1493 1025 1568 a)
1040 1491 1219 1552 tribuuntur.
1235 1488 1312 1550 lllud
1335 1509 1407 1550 vero
1429 1488 1479 1549 hie
1497 1488 1657 1548 notandum
1676 1501 1731 1562 est,

950 1580 987 1640 dc
1006 1579 1110 1640 horum
1134 1579 1278 1639 librorum
1291 1579 1456 1655 integritate
1470 1575 1619 1637 dubitasse
1638 1576 1732 1657 Aspa-

952 1668 1042 1738 sium,
1064 1681 1191 1727 veterem
1205 1686 1308 1727 eorum
1324 1668 1523 1746 interpretem.
1540 1665 1637 1737 Quum
1652 1666 1731 1725 enim

955 1756 988 1816 in
1011 1758 1069 1815 fine
1093 1756 1184 1836 primi
1208 1754 1314 1834 capitis
1338 1754 1411 1814 libri
1434 1754 1532 1814 octavi
1551 1752 1733 1815 indixisset

955 1843 1151 1924 philosophus
1164 1864 1173 1901 ι
1188 1842 1303 1923 Δίχιττι
1316 1843 1368 1922 γὰρ
1380 1841 1410 1901 τὸ
1427 1842 1529 1918 μᾶλλον
1545 1839 1591 1902 κτλ
1601 1840 1633 1900 τὸ
1646 1832 1734 1916 ἧττον,

954 1931 1000 1991 καλ
1021 1929 1056 1990 τό
1074 1930 1151 2012 impu
1172 1934 1211 2013 τῷ
1235 1929 1306 1990 εἴδει·
1322 1929 1426 2009 εἶρητιιι
1445 1932 1468 1990 δ’
1482 1929 1550 2009 &reip
1569 1930 1655 1991 αὐτῶν
1678 1928 1733 2007 ἶρι-

954 2024 1079 2099 προσόεν,
1090 2019 1151 2079 haec
1160 2020 1211 2079 ille
1221 2019 1352 2096 scripsit,
1366 2019 1416 2077 sot.
1434 2018 1488 2076 136
1497 2031 1577 2078 recto
1593 2037 1602 2079 t
1617 2016 1733 2098 Εἴρηται

955 2106 984 2167 δι’
1005 2128 1069 2188 φησι
1084 2106 1144 2186 περὶ
1162 2111 1248 2167 αὐτῶν
1261 2107 1419 2184 ἔμπροσθεν,
1435 2106 1505 2167 ἔοικε
1520 2105 1549 2166 di
1569 2109 1689 2188 εἰρῆσθαι
1705 2108 1733 2167 ἐν

956 2198 1011 2263 τοῖς
1030 2195 1215 2256 ἐκπεπτωκόσι
1236 2198 1289 2255 τῶν
1310 2194 1517 2275 Nummius,
1531 2195 1584 2255 ubi
1602 2194 1677 2255 ittud
1702 2195 1734 2255 in

956 2281 1069 2342 incerto
1086 2296 1141 2357 est,
1156 2295 1255 2343 utrum
1275 2284 1471 2361 antiquiorem
1490 2283 1635 2362 quendam
1656 2302 1735 2343 com·

958 2382 1149 2431 mentatorem
1163 2383 1290 2445 secutus,
1303 2372 1472 2450 anproprio
1482 2390 1552 2433 usus
1562 2375 1600 2431 sit
1606 2370 1731 2448 judicio.

996 2457 1041 2517 De
1054 2457 1141 2518 libris
1151 2457 1298 2536 Προτάσεις
1309 2458 1370 2537 rupi
1381 2460 1477 2537 ἀρετῆς
1488 2455 1514 2517 α’
1528 2456 1555 2538 β’
1565 2458 1589 2536 γ’
1601 2459 1634 2518 ἰιι
1654 2472 1733 2523 utro·

955 2565 1015 2626 que
1027 2547 1126 2608 indice
1148 2547 1343 2628 memoratis(
1355 2549 1392 2606 Ι).
1407 2547 1442 2607 L.
1462 2550 1499 2619 3(
1522 2561 1554 2607 et
1574 2549 1673 2611 Anon.
1693 2552 1729 2610 32

956 2634 1012 2695 ubi
1029 2649 1125 2696 tamen
1140 2636 1182 2716 β’,
1199 2636 1279 2714 quod
1290 2649 1319 2694 et
1332 2636 1418 2698 codd
1431 2636 1548 2697 aliosio
1562 2636 1662 2698 collati
1679 2636 1734 2699 hs·

957 2721 1029 2782 bent
1037 2723 1060 2803 i,
1068 2724 1143 2784 nihil
1151 2737 1292 2803 praeterea
1303 2738 1483 2803 compertum
1497 2737 1558 2797 est,
1571 2725 1629 2784 nisi
1640 2737 1736 2786 temen

958 2812 1039 2889 quod
1052 2812 1090 2871 ad
1102 2810 1157 2871 hos
1181 2810 1303 2871 sortasse
1317 2811 1422 2871 referri
1437 2813 1545 2891 poterit
1565 2813 1666 2873 titulus
1682 2814 1735 2892 qui

958 2896 993 2958 in
1013 2899 1143 2977 catalogo
1165 2916 1202 2958 ex
1224 2899 1350 2979 AEgypto
1370 2919 1464 2979 nuper
1485 2900 1573 2960 allato
1595 2899 1703 2979 legitur
1725 2923 1733 2961 ι

961 2983 1171 3064 Ἀρι(στοτόλοιις
1183 2985 1244 3065 περὶ
1260 2988 1365 3065 ἀρετῆς.
1382 2986 1425 3047 Cf.
1444 2986 1568 3058 Ziindel,
1589 2989 1644 3044 Et'o
1656 2994 1736 3062 grie·

958 3075 1317 3150 chircher‘Br'r'cIterlratoIog
1326 3095 1378 3132 our
1385 3080 1535 3153 AEgyptert,
1546 3075 1644 3135 iiheiu.
1654 3077 1733 3138 Mus.

964 3162 1053 3234 1866,
1066 3182 1096 3241 p.
1114 3162 1170 3232 432
1182 3180 1249 3239 sqq.

1119 3320 1225 3395 (ΠΕΡΙ
1248 3321 1382 3381 ΠΑΘΩΝ
1405 3319 1554 3399 orutz.)

1002 3439 1111 3500 Praeter
1133 3443 1201 3503 iilos
1224 3443 1276 3521 qui
1289 3443 1327 3502 ad
1346 3443 1479 3521 dialogos
1498 3446 1647 3524 pertinent
1665 3460 1736 3505 satu

963 3529 1050 3590 multi
1069 3530 1102 3589 in
1118 3530 1266 3592 indicibus
1288 3545 1476 3592 reoenscntur
1497 3532 1577 3592 tituli
1591 3530 1735 3591 librorum

961 3617 998 3676 ad
1012 3619 1174 3678 doctrinam
1194 3640 1308 3680 morum
1321 3620 1526 3700 spectantium,
1545 3618 1684 3699 equibus
1695 3632 1736 3680 ta·

959 3725 1027 3764 rnen
1052 3706 1163 3765 nullum
1195 3720 1342 3766 servatum
1365 3721 1410 3768 est
1439 3708 1650 3785 fragmentum,
1678 3708 1737 3767 uisi

960 3795 1041 3874 quod
1062 3795 1171 3856 Seneca
1185 3797 1216 3855 io
1238 3795 1325 3856 libris
1348 3816 1424 3874 quos
1445 3797 1482 3855 de
1496 3794 1545 3854 lra
1559 3794 1735 3874 conscripsit

960 3883 1092 3962 quaedam
1111 3904 1148 3943 ex
1169 3884 1325 3943 Aristotele
1348 3884 1462 3956 attulit,
1477 3903 1554 3961 quae,
1569 3884 1594 3941 si
1619 3882 1736 3943 titulum

959 3971 1055 4031 solum
1069 3985 1250 4051 spectamus,
1266 3971 1303 4030 ad
1323 3969 1432 4029 librum
1451 3971 1511 4051 τιρὶ
1529 3973 1621 4030 παθῶν
1636 3969 1736 4052 Ὀργῆς

960 4056 987 4118 ε’
1003 4058 1081 4139 apud
1101 4059 1259 4137 Diogenem
1275 4058 1330 4141 (37
1342 4057 1365 4138 J,
1380 4057 1442 4138 rupi
1466 4058 1565 4126 πάθους
1583 4057 1683 4139 Ὀργῆς
1710 4057 1737 4116 τιν

959 4146 1040 4226 apud
1063 4148 1248 4225 Anonymum
1275 4146 1361 4227 (37),
1387 4166 1405 4206 a
1426 4148 1544 4208 nemine
1562 4166 1634 4208 vero
1658 4167 1737 4228 pra·

960 4248 1040 4295 terea
1055 4238 1249 4311 nominatum,
1270 4235 1508 4296 commodissime
1527 4231 1632 4295 referri
1651 4256 1737 4315 posse

958 4323 1107 4384 videntur.
1130 4324 1174 4384 Ex
1197 4325 1253 4384 hoc
1277 4339 1373 4384 tamen
1390 4324 1471 4384 libro
1494 4344 1565 4384 num
1583 4325 1738 4405 desumpta

958 4430 1078 4490 quoque
1091 4412 1130 4472 sit
1141 4412 1328 4473 Aristotelica
1337 4414 1393 4472 irae
1405 4411 1538 4472 definitio
1557 4431 1645 4491 quam
1658 4415 1735 4494 apud

958 4499 1082 4558 eundem
1097 4499 1234 4559 Senecam
1257 4500 1294 4561 de
1319 4499 1368 4559 ira
1388 4498 1414 4573 i,
1437 4521 1464 4563 c.
1491 4502 1520 4575 3,
1542 4499 1622 4560 hisce
1637 4501 1738 4562 verbis

958 4588 1082 4666 legimus
1093 4612 1101 4647 ι
1112 4589 1272 4647 Aristotelis
1282 4592 1409 4668 definitio
1416 4611 1472 4648 ιιοιι
1486 4594 1602 4648 multum
1611 4611 1631 4648 a
1642 4605 1738 4651 nostra

958 4676 1048 4733 abest.
1068 4681 1118 4732 Ar't
1130 4682 1206 4732 euim
1222 4683 1295 4734 iram
1305 4696 1364 4735 esse
1377 4681 1560 4755 cupiditatem
1573 4680 1676 4736 doloris
1693 4699 1737 4736 re·

941 4821 944 4828 ,
954 4763 1084 4837 ponendi
1103 4761 1198 4843 (apud
1216 4762 1398 4823 Lactantium
1414 4765 1467 4843 qui
1486 4764 1519 4823 in
1540 4763 1619 4824 libro
1639 4765 1676 4825 de
1690 4765 1738 4825 lra

960 4847 1026 4921 Dei,
1039 4869 1064 4906 c.
1082 4869 1126 4922 17,
1145 4851 1178 4906 ι3
1192 4863 1282 4908 ιοιιιιιι
1297 4850 1375 4910 hunc
1386 4851 1481 4910 iocum
1494 4854 1608 4912 Senecae
1619 4870 1737 4932 excerp·

961 4935 1012 5008 sit,
1027 4935 1117 5013 vulgo
1130 4937 1237 5013 legitur
1248 4942 1448 5018 rependendi),
1459 4940 1675 5000 ideoiooertum
1691 4940 1735 5012 fit,

956 5023 1034 5099 'quia
1045 5022 1107 5082 haec
1128 5024 1227 5083 eadem
1243 5025 1377 5086 definitio
1397 5027 1475 5106 apud
1494 5027 1680 5088 Aristotelem
1699 5026 1736 5086 dc

954 5110 1070 5170 ¹Artium
1083 5111 1107 5190 l,
1129 5133 1155 5185 ι,
1173 5134 1205 5172 ιι
1223 5113 1275 5173 ubi
1291 5115 1366 5173 iram
1386 5136 1405 5175 a
1426 5115 1550 5194 physico
1565 5116 1608 5176 sic
1617 5115 1736 5177 definiri

962 5200 1060 5259 statuit
1074 5222 1082 5257 ε
1096 5198 1178 5280 όριξιν
1203 5203 1398 5275 ἀντιλυπήσεως
1423 5203 1441 5276 ἦ
1466 5227 1491 5261 τι
1514 5208 1644 5280 τοιοῦτον,
1670 5206 1737 5265 sive

965 5286 1047 5351 ther.
1062 5288 1102 5362 li,
1118 5310 1135 5348 a
1151 5292 1193 5351 in.
1208 5289 1319 5353 ιἜστω
1342 5293 1374 5366 δὴ
1390 5293 1455 5371 όργλ
1469 5290 1551 5374 όριξις
1572 5292 1637 5369 μετὰ
1650 5292 1736 5367 λύπης
