3959 5900
873 431 1034 492 oratum.

159 578 226 643 174,
243 569 404 640 [illiceto
425 564 739 645 τ’Λριστοτίλους·ἡ
763 561 865 644 ἀρχὴῆ
879 563 928 639 μία

152 656 172 727 ἢ
196 655 374 716 semellia
394 655 418 712 sl
440 651 488 728 μὲν
510 651 574 729 μία,
590 649 686 730 ἔχομεν
708 650 738 709 τὸ
761 649 927 724 ζητούμενον·

154 745 177 803 εἶ
199 741 227 802 δὲ
247 742 353 820 πολλοὶ,
367 740 386 812 ἥ
400 740 558 819 τεταγμέναι
581 738 598 810 ἢ
620 738 737 798 ἄτακτοι.
759 735 827 796 ’tis'
844 738 929 813 εἰμὲν

155 828 453 908 &retransmittens
467 827 500 886 τὰ
518 825 546 895 ἐξ
561 829 656 886 αὐτῶν.
685 826 738 886 Καὶ
752 826 799 884 οὐκ
816 822 871 883 ἔστι
884 823 927 882 κύ·

152 941 220 993 σριοι
234 921 248 975 ὁ
263 915 373 993 κόσμος,
388 918 447 975 tit·
458 916 582 993 ἀκοσμία·
597 914 642 974 καί
658 913 713 973 lori
725 912 755 972 rh
766 912 839 992 παρὰ
853 910 929 993 ρύσιν

151 1010 201 1064 τοῦ
224 1002 292 1063 κατὰ
314 1002 393 1085 φύσιν
418 1003 456 1079 μὴ
479 1003 558 1070 ὄντος·
580 1005 603 1061 tl
623 1001 650 1062 δΙ
670 999 845 1080 τεταγμέναι,
864 998 882 1070 ἢ
903 998 929 1067 ἐξ

85 1122 88 1127 ·
152 1096 255 1153 ἑαυτῶν
275 1092 442 1171 ἐτάχθησαν,
455 1089 472 1162 ἢ
487 1090 538 1149 ύπὸ
546 1089 643 1159 ἕξωύεν
663 1088 732 1158 τινος
746 1088 839 1155 αἰτίας.
859 1087 929 1147 Ἀλλ’

153 1180 243 1258 εἰμὲν
266 1178 310 1260 ip’
334 1183 433 1239 ἑαυτῶν
451 1177 616 1257 ἐτάχθησαν,
643 1176 734 1257 ἔχουσί
755 1199 781 1236 τι
802 1177 887 1236 κοινὸν
901 1175 930 1235 τὸ

151 1269 285 1329 συνάπτον
306 1268 405 1340 αύτΙις,
421 1267 527 1326 κάκεῖνο
541 1264 653 1344 hippi.

192 1357 250 1426 Qui
264 1357 338 1416 hunc
358 1357 471 1435 primus
487 1375 503 1412 e
520 1353 621 1412 codice
639 1353 762 1432 protulit
775 1371 929 1428 argumen-

153 1442 309 1515 tationem,
328 1443 430 1502 Rosius
445 1442 499 1517 (cl.
514 1443 534 1499 l.
546 1442 565 1499 Ι.
579 1462 609 1520 p.
628 1439 707 1519 185),
723 1460 787 1498 carn
801 1440 928 1518 primum

153 1530 320 1610 subjecerat
339 1531 424 1590 titulo
443 1530 504 1609 περὶ
520 1529 635 1610 Ἄρχῆς,
649 1548 686 1586 ex
703 1527 850 1587 indicibus
866 1540 930 1585 tan-

152 1633 214 1678 tum
226 1632 306 1679 noto.
321 1617 580 1697 Propiusiortasse
595 1615 632 1674 ad
645 1616 792 1673 veritatem
806 1614 927 1685 accedit,

152 1706 233 1784 quod
255 1706 333 1765 idem
358 1707 390 1764 in
414 1704 577 1776 Additam,
600 1724 631 1782 p.
647 1723 722 1776 710,
748 1702 889 1779 conjecit,
913 1721 930 1759 e

151 1795 272 1871 dialogo
287 1793 323 1853 de
336 1792 528 1870 Philosophia
540 1790 720 1868 desumptam
735 1808 807 1848 esse.

476 1968 522 2022 17·
540 1947 611 2024 (ir-l

192 2106 296 2164 Cicero
309 2104 345 2163 de
359 2102 493 2177 Finibus,
505 2101 552 2171 ΙΙ,
571 2124 619 2170 ta,
641 2102 678 2178 39
697 2122 703 2158 ι
721 2104 848 2158 Primum
872 2104 928 2177 [se-

151 2196 302 2251 movendas
311 2194 418 2269 putabo
432 2198 584 2248 sententias
593 2188 674 2266 scil.)
690 2195 826 2265 Aristippi
838 2192 929 2259 cyrc-

151 2290 350 2358 naicorumque
367 2289 507 2351 omnium,
521 2300 588 2356 quos
600 2300 656 2337 non
665 2293 708 2335 est
717 2286 838 2335 veritum
851 2286 879 2335 in
893 2300 930 2337 ea

151 2374 309 2445 uoluptate,
321 2391 387 2444 qum
395 2376 523 2425 maxima
530 2371 679 2424 dulcedine
684 2387 794 2424 sensum
802 2382 928 2438 moveret,

150 2481 289 2517 summum
301 2462 401 2516 bonum
413 2478 530 2534 ponere,
556 2470 761 2515 contemnentes
779 2463 860 2512 istam
874 2477 928 2512 va·

149 2556 284 2606 cultatem
296 2551 409 2607 doloris.
424 2551 463 2603 Hi
474 2567 530 2604 non
548 2548 692 2614 uiderunt,
716 2559 748 2600 ut
761 2548 803 2601 ad
819 2565 928 2601 cursum

149 2657 271 2712 equum,
284 2638 325 2691 ad
340 2638 478 2692 arandum
491 2637 599 2703 mrem,
613 2636 655 2689 ud
670 2635 863 2706 indagandum
881 2653 928 2688 ca·

151 2746 232 2795 nem,
249 2732 288 2782 sic
301 2727 441 2780 lrorrrinem
463 2725 504 2779 ad
524 2726 597 2778 duas
609 2741 667 2791 res,
684 2734 714 2775 ut
737 2726 778 2776 ait
795 2727 928 2776 Aristo·

151 2817 254 2882 teles,
270 2816 311 2869 ad
320 2813 533 2885 Intelligendum
554 2823 585 2865 et
601 2811 746 2883 agendum
756 2828 816 2865 esse
829 2823 928 2865 notum

83 2920 85 2925 ’
151 2909 233 2978 quari
250 2905 396 2960 mortalem
411 2902 511 2974 deum,-
531 2911 683 2973 contraque
702 2910 734 2954 ut
746 2899 857 2954 tardam
876 2900 929 2955 ab·-

151 3012 237 3066 quam
257 3005 287 3047 et
299 2992 465 3066 languidam
484 2990 632 3064 pecudem,
649 2989 690 3041 orl
703 2999 820 3062 pastum
844 2999 871 3041 et
890 2989 932 3041 ad

148 3082 321 3153 procreandi
343 3081 517 3153 voluptatem
540 3075 592 3131 lroe
609 3076 733 3131 divinum
752 3076 865 3130 animal
883 3094 927 3130 or·

154 3181 210 3223 tum
226 3187 287 3224 esse
297 3172 460 3233 voluerunt,¹
473 3184 527 3240 quo
540 3164 618 3219 nilril
626 3163 696 3219 milri
705 3165 821 3219 videtur
832 3165 929 3219 absur-

152 3256 223 3313 dius.

473 3405 519 3459 rs.
539 3401 609 3478 ps.)

193 3556 296 3615 Sextus
308 3556 420 3633 Empir.
435 3554 502 3614 adv.
517 3556 622 3632 Dogm.
634 3553 696 3625 ΙΙΙ,
708 3574 800 3610 aona
817 3575 823 3610 ι
840 3551 927 3632 Ἀρι·

153 3644 319 3713 στυτέλης
332 3642 360 3702 δὲ
383 3642 437 3700 ἀπὸ
449 3645 518 3699 δυοῖν
540 3644 629 3719 ἀρχῶν
652 3640 750 3700 ἔννοιαν
771 3642 835 3699 θεῶν
855 3642 928 3717 ἔλεγε

152 3729 286 3807 γεγονέναι
309 3731 334 3785 ἔν
357 3736 410 3793 τοῖς
432 3726 593 3805 ἀνθρώποις,
607 3727 659 3786 cinti
675 3750 702 3785 τε
723 3731 774 3785 τῶν
797 3726 857 3803 περί
880 3727 927 3800 τὴν

157 3816 242 3897 ψυχὴν
258 3814 452 3893 συμὸαινύντων
467 3814 512 3871 καί
530 3813 582 3872 ἀπὸ
600 3817 652 3871 τῶν
668 3815 815 3893 μετεώρων.
859 3813 928 3874 Ἀλλ’

152 4051 239 4097 uuum,
248 4036 365 4086 aebemus
375 4035 400 4085 id
412 4033 477 4098 qood
489 4033 618 4097 quesitum
633 4034 653 4083 si
665 4035 929 4093 momentarium

153 4125 206 4175 sire
221 4122 355 4174 inordinata
375 4125 440 4173 suut.
458 4123 483 4172 Si
497 4125 554 4172 utut
571 4121 705 4172 inordinata
720 4135 776 4185 qum
790 4136 821 4172 er
833 4122 880 4172 iliis
893 4122 929 4184 gi·

152 4213 268 4273 gnuntm,
280 4209 351 4260 etism
363 4209 439 4273 magis
453 4208 585 4260 inordinata
599 4211 656 4259 sunt
670 4211 695 4259 st
711 4209 817 4264 mundns
829 4221 878 4257 uon
892 4210 930 4258 est

155 4299 258 4349 mundos
271 4298 389 4361 (κόσμος,
402 4297 425 4347 id
437 4300 475 4349 cst
487 4297 566 4357 ordo)
576 4298 618 4348 sod
632 4297 724 4348 ordinis
739 4297 847 4347 delectus
858 4300 928 4356 (irm-

151 4389 236 4451 σμία).
250 4391 280 4437 Et
290 4388 313 4436 iu
324 4387 458 4452 rigelouod
470 4389 553 4437 oonim
564 4389 674 4437 naturam
684 4389 730 4448 esi,
741 4401 817 4450 quum
830 4386 852 4435 id
864 4388 928 4450 qnod

153 4476 286 4526 secundum
301 4478 411 4524 naturam
422 4477 521 4524 estnon
536 4475 610 4526 sitsi
627 4474 749 4537 ordinata,
759 4475 811 4524 sire
826 4477 929 4524 asemel

153 4558 213 4621 ipsis
233 4557 343 4608 ordinata
359 4562 416 4608 sunt
430 4557 482 4607 sive
499 4559 530 4606 ab
543 4561 642 4608 externa
662 4572 743 4609 causa.
759 4560 800 4608 Sin
818 4561 928 4608 summa

154 4647 233 4697 semet
247 4646 306 4709 ipsis
319 4645 428 4696 ordinata
441 4646 606 4709 mutuabant
623 4646 712 4709 aliquid
726 4660 853 4697 commune
864 4645 927 4709 quod
942 4627 947 4636 ⁵

150 4746 183 4783 ea
193 4734 320 4796 connectit,
329 4733 352 4785 id
364 4747 422 4785 vero
436 4733 585 4797 principium.

523 4864 560 4911 ts.

186 4994 326 5044 Aristoteles
350 4996 430 5046 autem
444 4994 538 5045 dicebat
559 5009 589 5046 ex
607 4994 701 5046 duobus
717 4995 837 5060 principiis
851 5000 928 5046 ortam

152 5095 208 5132 esse
226 5082 266 5133 dei
282 5083 403 5133 notionem
422 5082 485 5133 iuter
501 5083 624 5145 homiues,
640 5097 726 5147 nempe
745 5086 812 5134 etex
830 5084 860 5133 iis
873 5097 928 5147 quoe

156 5169 181 5217 tn
191 5169 271 5219 anima
282 5168 392 5220 accidunt
401 5172 426 5221 ei
439 5182 469 5220 cx
481 5169 632 5222 sublimibus.
645 5161 682 5221 'ils
695 5172 721 5221 iis
730 5170 826 5235 quidem
838 5184 894 5234 oute
904 5172 928 5221 in

153 5256 236 5314 ,suinn
250 5256 361 5308 accidum
372 5260 468 5322 propter
479 5258 575 5310 divinos
590 5260 644 5321 ejus
656 5260 682 5309 in
695 5259 786 5310 somnis
799 5258 893 5310 amitus
905 5262 931 5311 et

1717 443 1756 500 3,

983 562 1037 621 ἀπὸ
1052 561 1100 639 μὲν
1114 565 1165 621 τῶν
1181 562 1242 642 περὶ
1257 560 1303 632 τὴν
1317 561 1405 643 ψυχὴν
1420 563 1617 636 συμύαινόντων
1637 567 1681 626 διὰ
1700 568 1759 637 τούς

983 652 1011 709 iv
1027 655 1079 717 τοῖς
1097 650 1186 718 ύπνοις
1198 651 1346 728 γινομίνους
1372 650 1469 723 ταύτης
1495 653 1695 731 ἐνθουσιασμοὺς
1713 657 1759 715 nul

983 738 1028 804 ‘clu
1060 738 1193 815 μαντείας.
1226 737 1314 799 Ὅταν
1336 738 1404 817 γάρ,
1429 762 1525 820 φησιν,
1548 744 1575 801 ἐν
1605 746 1643 823 τῷ
1663 746 1757 805 ύπνοῦν

983 827 1041 887 καθ’
1055 825 1150 897 ἑαυτὴν
1165 828 1300 902 γένηταιὴ
1314 826 1405 907 ψυχὴ,
1417 827 1476 887 τότε
1503 826 1548 887 καΙ
1573 828 1638 888 lhos
1658 832 1759 890 ἀπολα-

984 914 1067 974 ὅοῦσα
1090 914 1167 994 φύσιν
1190 913 1400 993 προμαντεύεταί
1415 938 1443 975 τε
1466 915 1511 973 καί
1535 918 1704 996 προαγορεύει
1726 918 1759 978 τύ

984 1000 1125 1078 μέλλοντα.
1148 999 1265 1072 Τοιαύτη
1279 999 1308 1059 il
1322 1002 1377 1060 ίστι
1392 999 1438 1060 ααΙ
1461 1003 1487 1059 ἓν
1507 1004 1546 1082 τῷ
1566 1003 1635 1063 κατὰ
1656 1003 1699 1062 τὸν
1714 1005 1761 1065 θοί-

984 1112 1062 1149 νατον
1087 1089 1246 1168 χωρίζεσθαι
1268 1094 1319 1149 τῶν
1348 1089 1489 1169 σωμιίτων.
1504 1090 1675 1171 Ἀποδίχιται
1697 1099 1759 1171 γοῦν

984 1177 1031 1236 καί
1060 1177 1104 1235 τὸν
1139 1176 1250 1249 ποιητὴν
1279 1174 1403 1257 Ὅμηρον
1435 1182 1470 1245 ὡς
1498 1183 1574 1238 τοῦτο
1602 1181 1760 1260 παρατηρή·

984 1287 1077 1323 σαντα·
1092 1264 1220 1336 πεποίηκε
1236 1264 1287 1344 γὰρ
1307 1264 1352 1323 τὸν
1367 1263 1414 1342 μὲν
1427 1265 1581 1343 Πάτροκλον
1595 1268 1622 1325 is
1633 1270 1672 1347 τῷ
1687 1271 1760 1328 εἶναι·

986 1356 1085 1430 ρεῖσθαι
1105 1352 1312 1432 προαγορεύοντα
1332 1352 1393 1431 περὶ
1416 1357 1464 1425 τῆς
1488 1349 1617 1434 Ἕκτορος
1649 1355 1761 1435 ἀναιρέ-

985 1464 1049 1508 σεως
1066 1441 1117 1518 (ΙΙ.
1130 1465 1162 1513 π,
1177 1442 1254 1521 lin.),
1265 1440 1308 1499 τὸν
1323 1437 1469 1520 ὂἝκτορα
1482 1442 1539 1520 περὶ
1555 1447 1602 1513 τῆς
1614 1441 1761 1523 'Aprilem

984 1531 1107 1598 τελευτῆς
1130 1530 1138 1607 l
1145 1529 1180 1590 ll.
1202 1554 1229 1608 χ,
1252 1529 1301 1605 58,
1316 1530 1384 1606 su).
1401 1528 1451 1589 ’Ex
1467 1528 1564 1588 τούτοιν
1585 1519 1643 1602 σύν,
1662 1554 1757 1611 φησιν,

984 1616 1131 1686 ὑπενόησαν
1151 1620 1176 1676 ol
1195 1616 1326 1695 ἄνθρωποι
1348 1605 1416 1673 cliui
1428 1639 1454 1674 τι
1467 1617 1540 1688 θεὸν,
1554 1615 1584 1675 τὸ
1603 1619 1661 1675 ααύ’
1681 1618 1759 1676 ἑαυτὸ

985 1703 1025 1783 (ὃν
1047 1705 1114 1763 θεῖον
1125 1704 1184 1763 καθ’
1197 1705 1275 1764 ἑαυτὸ
1289 1705 1329 1765 ὄν.
1342 1705 1454 1781 herm),
1470 1703 1554 1772 ἐοικὸς
1572 1708 1605 1784 τῇ
1624 1708 1696 1786 ψυχῇ
1715 1707 1761 1765 καί

984 1791 1093 1851 πάντων
1120 1790 1410 1870 temporationes.
1432 1790 1520 1853 Ἀλλὰ
1534 1792 1567 1864 il,
1581 1793 1628 1851 καί
1642 1794 1695 1853 ἀπὸ
1708 1798 1760 1855 τῶν

984 1879 1133 1961 μετεώρων·
1150 1881 1307 1957 θεασάμενοι
1343 1881 1394 1960 γὰρ
1415 1882 1474 1957 μεθ’
1494 1883 1597 1961 ἡμέραν
1613 1880 1661 1958 μίν
1685 1882 1760 1953 ἥλιον

983 1970 1191 2049 περιπολοῦντα,
1215 1969 1319 2049 νύκτωρ
1341 1968 1369 2028 il
1394 1968 1442 2039 τὴν
1455 1967 1579 2031 εύτακτυν
1598 1974 1650 2028 τῶν
1673 1970 1761 2029 ἄλλοιν

985 2055 1103 2135 ἀστέρων
1125 2057 1245 2133 κίνησιν,
1267 2056 1391 2136 ἐνόμισαν
1407 2047 1474 2117 εἶναί
1494 2080 1553 2117 τινα
1575 2058 1632 2117 θεὸν
1655 2057 1700 2117 τὸν
1713 2064 1760 2131 τῆς

983 2145 1106 2214 τοιαύτης
1126 2144 1253 2215 κινήσεως
1264 2144 1309 2204 καΙ
1328 2144 1447 2213 εὐταξίας
1459 2144 1551 2206 αίτιον.
1565 2148 1690 2211 Τοιοῦτος
1708 2148 1756 2223 μίν

982 2231 1027 2291 καί
1040 2236 1054 2290 ὁ
1065 2232 1258 2311 Ἀριστοττλης.

1024 2319 1093 2377 llaec
1112 2340 1177 2378 cum
1202 2321 1304 2397 fragm.
1322 2342 1358 2398 19
1373 2341 1433 2379 uon
1456 2322 1531 2380 male
1550 2322 1680 2382 Eudemo
1702 2325 1760 2381 tri-

982 2406 1088 2465 buerat
1097 2408 1236 2481 Krische,
1247 2409 1270 2469 l.
1284 2409 1306 2468 Ι.
1318 2430 1349 2488 p.
1367 2430 1400 2481 ¹7
1413 2423 1443 2468 et
1452 2411 1508 2478 304
1523 2428 1531 2469 ε
1544 2411 1642 2487 potius
1652 2410 1759 2482 tamen',

982 2508 1131 2573 praeeunte
1159 2497 1330 2568 Brundisio,
1357 2499 1521 2555 Gesclricltte
1544 2501 1597 2554 der
1615 2520 1758 2575 gr.-roerrt.

982 2585 1175 2660 Philosophr'e,
1191 2590 1227 2645 B.
1255 2584 1299 2657 ll,
1318 2607 1347 2656 α,
1370 2601 1441 2643 erste
1455 2585 1580 2658 Hoelfte,
1605 2608 1635 2663 p.
1650 2589 1701 2659 84,
1724 2589 1760 2646 ad

983 2671 1130 2747 dialogum
1145 2673 1181 2731 dc
1196 2673 1389 2753 Philosophia
1403 2673 1557 2732 referenda
1568 2688 1646 2736 sunt.

1294 2824 1341 2879 ¹9·
1360 2804 1446 2881 tis-l

1024 2936 1147 3008 Ultima,
1175 2957 1238 3014 quae
1261 2937 1461 2997 tantummodo
1484 2937 1628 2997 indicavit
1653 2938 1759 2998 Sextus

985 3025 1761 3106 Empiricos,exipsiusAristotelisverbisexpressisse

984 3114 1101 3172 videtur
1121 3113 1243 3183 Cicero,
1267 3113 1303 3171 de
1322 3112 1431 3172 Natura
1457 3114 1597 3186 deorum,
1619 3114 1727 3194 ll,-37
1747 3138 1753 3172 :

985 3206 1068 3261 Certe
1082 3210 1124 3259 ita
1136 3216 1238 3259 temere
1249 3205 1284 3258 cle
1295 3206 1398 3259 mundo
1411 3201 1558 3275 effutiunt,
1576 3216 1608 3260 ut
1618 3205 1691 3260 milri
1700 3212 1762 3280 qui·

983 3295 1047 3348 dem
1061 3312 1203 3368 nunquam
1220 3292 1294 3347 liunc
1307 3294 1505 3348 admirabilem
1526 3296 1592 3348 coelr'
1612 3308 1755 3362 ornatum,

982 3385 1030 3453 qui
1053 3381 1127 3435 loom
1154 3393 1198 3436 est
1220 3384 1381 3454 proximus,
1409 3386 1566 3455 suspexisse
1599 3383 1758 3440 videantur.

983 3469 1127 3522 Praeclare
1141 3487 1209 3541 ergo
1220 3472 1247 3522 A
1253 3473 1302 3522 ris
1310 3481 1378 3524 tote
1386 3472 1452 3524 les:
1464 3495 1476 3520 «
1486 3470 1519 3524 Si
1530 3481 1635 3537 essent,
1655 3475 1757 3543 inquit,

982 3561 1033 3629 qui
1046 3557 1097 3610 sub
1112 3569 1187 3612 terra
1211 3574 1323 3630 semper
1340 3554 1543 3612 habitavissent
1554 3557 1634 3611 bonis
1646 3570 1676 3611 et
1694 3558 1759 3612 itta-

985 3643 1086 3697 stribus
1098 3644 1262 3713 domiciliis,
1278 3664 1342 3717 quoe
1359 3656 1448 3699 essent
1460 3656 1561 3699 ornato
1571 3649 1661 3716 signis
1678 3656 1761 3717 atquc

979 3735 1094 3803 pleturis
1124 3736 1310 3804 instructoque
1332 3732 1412 3785 rebus
1433 3737 1469 3785 iis
1491 3732 1634 3797 omnibus,
1659 3731 1761 3803 quibus

982 3818 1131 3871 obtrudant
1150 3823 1171 3871 ii
1185 3822 1234 3890 qui
1250 3817 1325 3870 beati
1341 3829 1488 3889 putantur,
1513 3834 1565 3870 nee
1583 3827 1676 3869 tamen
1697 3823 1759 3870 cri·

983 4036 1150 4085 divinationes.
1168 4032 1273 4091 Quando
1288 4033 1368 4094 enim,
1379 4032 1469 4096 inquit,
1484 4033 1508 4082 in
1522 4033 1615 4083 somnis
1628 4034 1707 4082 anima
1718 4049 1761 4096 por
1775 4101 1778 4107 ρ

984 4124 1108 4184 soluerit,
1127 4124 1185 4173 tune
1203 4134 1248 4172 sus
1262 4121 1359 4186 propria
1376 4124 1470 4184 recepta
1492 4122 1576 4170 natum
1594 4124 1618 4171 et
1630 4121 1722 4171 divinat
1735 4131 1760 4171 et

984 4213 1063 4262 lutum
1078 4211 1201 4275 praesagit.
1213 4209 1277 4260 Talis
1293 4212 1331 4259 est
1346 4212 1427 4260 sotem
1441 4209 1513 4258 etism
1524 4208 1582 4258 dum
1593 4210 1617 4258 in
1631 4213 1708 4260 morte
1720 4223 1759 4258 se·

985 4301 1081 4362 paratur
1090 4298 1121 4347 ab
1133 4298 1163 4348 iis
1176 4310 1231 4361 qum
1242 4309 1329 4359 corpus
1357 4295 1461 4347 babent:
1475 4295 1578 4345 admittit
1587 4296 1650 4346 cuim
1669 4298 1758 4347 llomo-

984 4401 1038 4436 rum
1055 4399 1151 4449 quoque
1161 4389 1266 4449 poetam,
1276 4384 1355 4447 utqui
1368 4383 1415 4433 hoc
1426 4383 1597 4433 observaverit.
1613 4383 1678 4432 Fecit
1695 4384 1758 4433 enim

986 4474 1122 4525 Patroclum
1135 4473 1246 4536 quidem,
1255 4471 1313 4521 dom
1327 4471 1511 4531 interimeretur,
1528 4470 1697 4534 prmlicentem
1712 4484 1758 4520 ros·

982 4563 1037 4612 dem
1050 4562 1174 4623 ilectoris,
1185 4563 1310 4612 Hectorem
1320 4562 1400 4610 arriem
1415 4559 1521 4608 Achillis.
1535 4561 1571 4607 Er
1590 4558 1627 4607 iris
1640 4571 1706 4621 ergo,
1720 4559 1756 4607 in·

982 4651 1048 4712 quit,
1061 4649 1173 4713 suspicati
1191 4652 1248 4699 suut
1264 4648 1389 4707 homines,
1401 4647 1473 4697 teum
1486 4659 1541 4697 esse
1550 4645 1639 4709 aliquid
1654 4645 1717 4708 quod
1727 4659 1758 4696 es

953 4677 957 4812 l
982 4751 1009 4788 se
1024 4741 1074 4800 est,
1093 4738 1169 4788 simite
1180 4738 1309 4798 animae,et
1323 4738 1360 4786 cst
1375 4736 1481 4785 omnium
1497 4734 1691 4784 scientissimum.
1710 4733 1756 4782 Sed

952 4821 957 4943 Ι
985 4829 1010 4876 et
1029 4838 1060 4875 ex
1078 4823 1220 4875 sublimibus
1238 4837 1313 4873 :nam
1328 4838 1402 4887 quom
1419 4822 1570 4886 contemplati
1586 4824 1667 4872 essent
1682 4823 1757 4870 sotem

952 4945 957 4976 ,-
982 4912 1078 4975 quidem
1094 4910 1196 4961 interdiu
1217 4910 1417 4970 circumeuntem,
1441 4913 1512 4959 nocto
1527 4909 1607 4959 autem
1622 4907 1755 4956 ordinatum

981 5001 1081 5048 aliarum
1096 5000 1219 5050 stellarum
1241 5002 1349 5059 motum,
1365 4998 1532 5049 existimamnt
1551 5009 1606 5045 esse
1621 4994 1692 5044 desim
1711 4992 1754 5039 ati-

982 5103 1069 5153 quem,
1086 5093 1208 5139 auctorem
1231 5088 1302 5151 boios
1322 5088 1435 5139 motionis
1455 5091 1479 5138 ct
1492 5087 1592 5138 ordinis·
1611 5085 1689 5145 atque
1704 5080 1757 5131 troc

982 5177 1078 5239 quidem
1092 5178 1240 5230 Aristoteles.

1637 5345 1664 5419 a.
