3959 5900
599 435 649 493 litt
670 435 993 499 PHILOSOPHORUM
1013 434 1225 497 metuitis.
1678 438 1718 496 td

117 571 214 651 θτίρσις
228 574 293 647 ἡμῖν
309 567 507 648 ἀκριύέστιρον·
520 586 551 644 p.
567 566 617 634 30,
629 567 667 624 σθ
681 567 774 626 Bon:
789 568 890 629 Αὐτίκα
943 571 994 647 γῆν
1007 567 1097 646 scih),
1110 567 1170 629 ἀλλ’
1183 567 1211 626 έν
1227 565 1275 639 μέν
1290 565 1411 646 τῷμέσιρ
1422 569 1469 625 τοῦ
1479 566 1576 632 παντὸς
1585 570 1638 645 πῦρ
1655 557 1722 626 ι’ίναί

117 664 179 733 γοῦν
198 656 297 716 τέλειον
312 652 421 734 ἀριθμὸν
433 652 575 729 ἡγούμενα
595 652 643 725 την
664 652 771 726 δεκάδα,
782 657 891 735 ὁρῶντες
944 678 1020 736 pest,
1032 654 1094 735 περί
1112 653 1140 714 δέ
1156 653 1186 713 τί
1199 651 1280 730 μέσον
1294 651 1343 724 τὴν
1358 652 1498 732 ἀντίχθονα
1516 651 1641 735 ρίρεοθαί
1657 675 1723 735 peut

118 745 146 806 δέ
161 748 189 806 έν
206 752 259 811 τοῖς
271 742 434 823 φαινομένοις
447 741 520 801 issia
536 739 584 807 τίς
597 738 751 817 κινουμένας
766 741 889 821 σφαίρας,
944 745 994 820 γῆν
1006 733 1088 803 odeas
1097 739 1143 801 καί
1157 740 1249 812 ταύτην,
1265 738 1443 821 ἀντίχθοναδέ
1455 742 1621 820 καλουμένην
1635 741 1679 800 td
1692 741 1723 801 τὸ
1794 754 1796 757 ’

118 830 188 889 emi
214 829 261 906 μίν
274 828 321 895 τίς
334 830 387 888 τῶν
399 825 594 903 πλανωμένων,
607 825 701 904 θγδέην
726 824 753 885 δέ
767 826 823 898 ,τὴν
840 830 892 885 τῶν
944 827 972 895 έξ
987 827 1105 895 έναντέιις
1119 828 1181 907 πῇδι
1198 851 1232 908 τη
1244 853 1279 910 γη
1293 817 1373 889 siret·
1385 827 1453 905 μετά
1462 828 1491 889 δὲ
1500 827 1548 901 τὴν
1558 830 1723 910 ἀντίχθονσὴ

117 920 253 990 ἀπλανῶν,
272 915 381 987 έννέτην
399 914 427 975 ii
448 912 497 986 τὴν
512 917 562 992 γῆν
575 912 635 990 (καί
649 912 701 992 γάρ
725 914 771 973 καί
792 916 892 985 ταύτην
945 914 1040 993 rii&
1052 914 1182 997 ριρομένη
1194 917 1240 976 καὶ
1251 915 1317 987 αὐτὴ
1330 915 1392 997 περί
1402 915 1432 975 τὸ
1444 915 1535 992 μέσον,
1551 918 1619 995 uerit
1633 917 1662 978 δέ
1675 918 1723 992 τὴν

116 1010 229 1084 ἡγοῦντο
246 1004 371 1063 κινεῖσθαι
385 1000 475 1081 κύκλῳ
487 1001 548 1080 περὶ
563 999 692 1076 μένουσαν
705 999 753 1072 rhu
765 1002 864 1075 έστίαν,
878 1000 893 1060 ὃ
945 1003 995 1077 γῆν
1017 1004 1035 1073 ἡ
1052 1000 1163 1073 σελήνη·
1177 1000 1246 1061 ούτια
1268 1000 1319 1081 γέρ
1335 1002 1412 1070 adei<
1434 1004 1461 1083 [i
1484 1002 1724 1083 Ἀριστοτέλης

117 1093 233 1173 πῦρίστί
241 1096 301 1150 κατ’
313 1088 511 1170 αύτούς),αὖτολ
518 1088 679 1168 προσέθεσαν
688 1090 715 1147 έν
721 1092 773 1156 τοῖς
779 1087 892 1167 δόγμασι
946 1083 1024 1169 scil.)
1039 1090 1065 1148 έν
1080 1093 1119 1167 τῷ
1131 1091 1192 1168 περί
1206 1093 1260 1149 τῶν
1273 1093 1464 1170 Πυθαγορικῶν
1480 1092 1526 1167 (έν
1536 1095 1576 1172 τῷ
1589 1091 1685 1171 πέρατι
1698 1118 1723 1155 τ.

117 1181 165 1249 καί
176 1181 225 1254 τὴν
240 1176 381 1258 ἀντίχθονά
392 1200 463 1249 τινα,
477 1176 510 1248 ἣν
526 1176 710 1235 ἀντικινεῖσθαι
720 1176 891 1258 θπίθεντοτῇ
947 1178 984 1236 11.
996 1195 1044 1253 ap.
1060 1176 1166 1239 Brand.
1182 1192 1212 1237 et
1221 1178 1357 1238 similiter
1372 1193 1432 1238 vet.
1443 1180 1542 1238 versio
1556 1179 1605 1239 lat
1621 1179 1722 1241 Venet.

118 1271 154 1347 γῇ
169 1266 214 1324 καὶ
228 1263 272 1323 td
290 1269 368 1322 τοῦτο
379 1270 432 1329 τοῖς
446 1260 490 1321 ἐπί
503 1265 550 1333 τῆς
563 1265 611 1340 γῆς
625 1261 734 1341 ἀόρατον
749 1253 825 1326 εἶναι.
842 1264 893 1326 Λέ·
950 1262 1043 1335 1555,
1068 1262 1089 1325 θ’.
1109 1285 1145 1338 77
1160 1278 1240 1324 recto
1263 1287 1270 1324 τ
1290 1272 1330 1322 sic
1352 1273 1381 1323 ira
1391 1269 1453 1340 fine
1477 1269 1724 1343 Pythagoricorum

118 1376 160 1431 γει
178 1350 205 1411 δέ
217 1351 278 1432 περί
289 1349 388 1409 τούτων
406 1348 492 1408 nativ
509 1348 562 1415 τοῖς
573 1347 634 1428 πιρί
645 1350 767 1428 θύρανοῢ
778 1350 826 1429 μέν
847 1350 893 1410 καὶ
948 1352 1062 1432 narrat)
1077 1353 1187 1432 ἱστορεῖ·
1201 1354 1248 1427 τὴν
1267 1353 1358 1431 δέγῆν
1381 1353 1459 1422 dats
1485 1358 1538 1414 τῶν
1555 1354 1659 1436 ἄστρων
1681 1349 1724 1417 ού·

117 1444 146 1501 ίν
158 1448 216 1506 ταῖς
228 1443 281 1499 τῶν
294 1441 484 1519 Πυθαγορικῶν
497 1435 786 1518 δύξαιςάκριύέστερσν.
947 1461 997 1499 σαν
1019 1438 1173 1517 κινουμένην
1194 1441 1253 1519 περί
1277 1441 1307 1500 τὸ
1326 1442 1406 1517 μέσον
1430 1441 1501 1501 κατὰ
1528 1441 1577 1514 τὴν
1599 1443 1663 1525 πρὸς
1681 1444 1724 1504 τὸν

161 1528 236 1588 111υά
256 1526 412 1606 ἀν’θτέραις,
427 1526 508 1606 quod
528 1525 606 1603 apud
620 1527 806 1587 Aristotelem
820 1528 893 1604 legi·
947 1524 1022 1597 ἥλιον
1048 1526 1139 1608 σχέσιν
1167 1527 1249 1587 νύκτα
1269 1529 1315 1587 καὶ
1337 1528 1439 1609 ἡμέραν
1461 1537 1553 1591 ποιεῖν.
1575 1529 1611 1592 Ἦ
1632 1530 1660 1591 δέ
1681 1534 1726 1590 ἀν-

117 1631 179 1691 tur,
191 1617 300 1698 optime
314 1615 351 1675 ad
359 1615 516 1676 secundum
532 1613 640 1675 librum
653 1613 690 1673 de
699 1615 778 1674 caeto
791 1617 895 1677 referri
947 1611 1046 1692 τέχθιον
1059 1613 1199 1690 κινουμένη
1219 1616 1280 1694 περὶ
1301 1615 1331 1675 τὸ
1345 1616 1425 1692 μέσον
1443 1617 1489 1676 καί
1504 1618 1619 1695 ἑπομένη
1638 1643 1672 1701 τη
1691 1643 1725 1700 γη

118 1723 205 1782 posse
218 1716 308 1782 puto,
323 1703 356 1762 in
373 1701 457 1779 cujus
475 1720 540 1781 cap.
563 1702 600 1759 ιθ
622 1703 693 1761 satis
718 1703 837 1780 copiose
858 1701 895 1760 de
949 1701 1000 1780 ούχ
1019 1703 1114 1781 ipisus
1127 1703 1170 1786 ύρ·
1190 1703 1323 1781 ἡμῶνδιά
1346 1704 1375 1763 τὸ
1389 1707 1628 1785 έπεπροσθεῖνὴμῖν
1643 1707 1726 1768 ἀείτί
1843 1683 1867 1774 ,Ι

117 1790 173 1849 hac
187 1790 438 1869 Pythagoreorum
454 1788 598 1849 sententia
615 1792 782 1867 exponitur,
804 1788 845 1847 ita
863 1802 894 1847 ut
949 1790 997 1858 τῆς
1012 1791 1061 1864 γῆς
1074 1790 1191 1863 σῶμα...
1206 1788 1306 1849 τέλειον
1320 1788 1372 1870 γάρ
1387 1792 1497 1874 ἀριθμὸν
1512 1792 1666 1872 ὑποθέμενοι
1679 1794 1727 1870 τήν

120 1878 240 1937 sortasse
265 1898 324 1936 non
347 1894 464 1936 necesse
492 1877 546 1952 sit,
565 1889 686 1954 propter
710 1874 893 1958 σἰκριύέστιρον
949 1873 1047 1932 δεκάδα
1063 1873 1202 1936 έύούλοντο
1220 1878 1331 1937 καὶτῶν
1345 1880 1576 1958 κνελορορητικύθν
1594 1881 1726 1957 σωμάτων

119 1966 199 2042 quod
209 1965 289 2025 addit
301 1963 504 2043 philosophus,
518 1984 583 2022 cum
596 1963 730 2022 Bonitaio
743 1965 775 2024 in
789 1984 893 2023 comm.
947 1959 993 2019 τὸν
1003 1958 1111 2041 ἀριθμὸν
1127 1963 1164 2030 τίς
1177 1962 1241 2023 δέκα
1257 1963 1390 2044 συνιίγειν.
1406 1964 1504 2032 Θέντες
1517 1957 1573 2041 odi,
1586 1968 1664 2048 ρησθ,
1678 1967 1725 2040 τὴν

119 2053 156 2112 ad
170 2054 193 2114 l.
208 2054 228 2114 1.
244 2073 273 2131 p.
286 2074 323 2128 79
332 2064 362 2111 et
375 2053 507 2116 zeitschr,
513 2050 570 2124 fiir
579 2066 674 2112 oester.
692 2055 792 2120 Grmn.
806 2054 893 2126 1866,
949 2046 1055 2120 ἀπλανῆ
1071 2047 1135 2125 μίαν
1148 2049 1196 2110 καί
1214 2049 1261 2117 τάς
1279 2053 1453 2126 πλανωμένας
1470 2051 1538 2112 έπτίι
1550 2051 1596 2113 καί
1617 2051 1665 2125 rhu
1679 2058 1727 2133 γῆν

119 2163 150 2221 p.
170 2144 239 2215 773,
250 2141 286 2199 de
295 2140 333 2199 iis
348 2138 435 2199 libris
447 2139 576 2215 cogitare
588 2159 662 2217 quos
676 2139 846 2215 singillatim
858 2141 895 2200 de
948 2134 1047 2209 ταύτην
1062 2134 1109 2195 σὺν
1126 2140 1160 2216 τῇ
1178 2138 1320 2218 ἀντίχθονι,
1331 2136 1379 2210 τὴν
1400 2137 1498 2199 θικιίδα
1510 2140 1726 2222 συνεπλήρωσαν.

118 2229 370 2307 Pythagoreorum
389 2226 522 2287 doctrina
535 2228 749 2305 conscripserat
764 2227 895 2307 philoso-
950 2220 1006 2281 rtet
1019 2219 1088 2280 ούτω
1108 2221 1157 2298 μέν
1171 2224 1248 2291 adri<
1261 2223 1295 2282 τὰ
1308 2227 1361 2284 τῶν
1373 2225 1561 2306 Πυθαγορείων
1573 2228 1727 2299 ἆπῑδέξαῑθι

119 2316 207 2395 phos.
224 2316 289 2377 Non
304 2328 400 2375 tamen
410 2313 478 2374 ideo
490 2334 556 2373 cunt
569 2312 659 2373 llosio
668 2333 774 2390 negare
787 2314 893 2387 velim,
950 2310 974 2367 oi
988 2307 1016 2367 δέ
1030 2309 1205 2391 γνησιώτερσν
1220 2310 1306 2369 αύτιῗιν
1321 2311 1497 2392 μετασχόντες
1512 2316 1567 2395 πῦρ
1584 2313 1632 2391 μέν
1649 2316 1728 2394 ἀντῷ

121 2403 316 2462 Alexandrum
326 2415 437 2461 tantum
453 2401 542 2461 modo
553 2422 571 2462 e
584 2401 753 2480 conjecturs
766 2402 895 2460 locutum
952 2394 1026 2476 μέσῳ
1035 2395 1140 2475 λέγουσι
1153 2400 1202 2471 τὴν
1216 2398 1524 2479 δημιουργικήνδύναμιν
1538 2400 1587 2475 τὴν
1602 2405 1631 2462 ix
1647 2403 1728 2481 μέσου

120 2511 202 2568 esse,
213 2491 298 2562 licet,
314 2503 346 2549 ut
360 2504 389 2548 et
403 2490 433 2549 in
448 2489 535 2550 libris
550 2490 586 2549 de
599 2490 681 2549 Bono
696 2490 801 2549 iactum
817 2489 897 2548 vide·
950 2492 1042 2544 nicer
1053 2483 1102 2556 πλν
1113 2489 1162 2562 γῆν
1182 2488 1360 2567 ζῳογονοῦσαν
1380 2486 1426 2564 καί
1438 2487 1470 2545 τὸ
1482 2487 1665 2569 ἀπιψυγμίνον
1680 2492 1728 2549 αύ-

121 2592 180 2647 tur,
203 2579 254 2636 rix
271 2578 334 2658 ipse
347 2578 435 2637 hosce
447 2577 540 2637 libros
555 2597 630 2656 quos
643 2577 742 2636 laudat
757 2590 897 2636 tractare·
951 2576 999 2644 τῆς
1018 2573 1233 2633 eistetenses.
1255 2573 1305 2635 ad
1332 2577 1356 2634 oi
1378 2573 1426 2650 μέν
1444 2574 1526 2642 Zethi
1544 2572 1643 2657 πύργον
1665 2576 1729 2634 αὐτὸ

121 2667 170 2726 rit.
187 2667 321 2728 Ceterum
335 2667 404 2725 vide
421 2686 545 2745 sequens
557 2666 759 2742 fragmentum.
950 2662 1089 2749 καλοῦσιν,
1116 2666 1152 2728 ὡς
1176 2663 1253 2730 αὐτὸς
1275 2663 1303 2722 έν
1321 2670 1375 2729 τοῖς
1395 2665 1586 2742 Πυθαγορικοῖς
1613 2664 1726 2741 (Schoi.

952 2749 1019 2812 eod.
1044 2749 1253 2828 Goisl.1690
1278 2750 1432 2830 Simplicio
1454 2746 1622 2832 excerptum
1646 2753 1666 2813 i.
1692 2774 1725 2826 71

432 2839 480 2898 15.
503 2838 597 2915 (rao.)
951 2854 1050 2909 verso,
1066 2839 1093 2895 ίν
1115 2846 1169 2904 τοῖς
1183 2838 1372 2917 Πυθαγορείοις
1386 2838 1486 2919 habet)
1501 2838 1647 2918 ἱστόρησεν,
1661 2843 1686 2899 oi
1700 2839 1728 2900 δέ

952 2923 1014 2990 Διὸς
1037 2925 1169 3006 ρυλσαθμ,
1193 2929 1229 2994 d<
1250 2927 1278 2985 is
1299 2923 1400 2993 τούτοις
1418 2926 1519 3006 (apud
1543 2928 1728 2989 Aristotelem

162 3012 208 3071 hd
223 3013 319 3090 ipsunt
335 3011 429 3070 locum
445 3011 655 3073 aristotelisde
668 3011 834 3086 carietto.
850 3015 897 3087 13,
952 3012 1064 3072 scilicet
1084 3013 1106 3071 1.
1127 3013 1179 3089 1.),
1202 3014 1226 3072 el
1248 3011 1276 3071 δέ
1299 3010 1360 3079 Διὸς
1374 3012 1474 3093 θρόνον,
1489 3016 1525 3080 ὡς
1547 3013 1622 3074 ἄλλοι
1638 3014 1728 3094 ρασίν.

122 3121 209 3178 quem
225 3097 348 3159 lortasse
361 3100 393 3159 in
408 3099 787 3181 Metaphysicisrespexerat
800 3101 897 3182 philo·
951 3098 1063 3181 Ἄστρον
1080 3102 1167 3174 δὲτὴν
1182 3106 1232 3182 γῆν
1246 3101 1335 3180 έλεγον
1347 3105 1382 3169 ὡς
1392 3099 1502 3182 ὄργανον
1513 3101 1558 3160 καί
1572 3102 1654 3174 αὐτὴν
1666 3101 1730 3182 χρέ·

121 3188 247 3266 sophus,
261 3189 322 3246 haec
336 3187 488 3266 adscripsit
498 3188 669 3267 Simplicius
684 3211 712 3269 p.
730 3191 800 3263 505,
818 3196 843 3248 Α
862 3192 897 3247 18
952 3213 996 3250 νου
1009 3189 1122 3271 (χρόνου
1138 3193 1218 3251 deest
1230 3190 1263 3249 in
1276 3190 1323 3253 ed.
1342 3190 1465 3265 Karst.)·
1479 3192 1585 3268 ἡμερῶν
1598 3189 1649 3271 γάρ
1660 3192 1729 3249 έστιν

122 3275 245 3348 Brund„
263 3297 294 3355 p.
321 3277 446 3353 aap,1l,
474 3279 509 3336 16
531 3278 578 3338 ed.
603 3276 737 3338 Karsten.
754 3276 837 3355 Traj.
860 3276 897 3335 ad
952 3276 1075 3348 αύτηκαλ
1085 3279 1184 3337 νυκτῶν
1195 3276 1279 3340 etsie.
1291 3274 1411 3356 Ἡμέραι
1421 3272 1469 3352 μέν
1480 3274 1531 3355 γάρ
1545 3275 1730 3355 ποιεῖτθπρθς

124 3362 216 3424 Rhen.
248 3365 322 3422 1866
351 3387 358 3422 t
389 3364 586 3444 Ἆντιράσκουσι
612 3364 642 3433 ,δέ
661 3366 684 3423 ol
709 3365 897 3445 Πυθαγόρειοι·
952 3367 990 3445 τῷ
1001 3363 1068 3446 ἡλίῳ
1078 3363 1156 3445 μέρος
1166 3361 1508 3443 καταλαμπόμενον,νύκτα
1517 3363 1545 3422 δέ
1559 3361 1590 3422 τὸ
1601 3364 1671 3424 κατὰ
1686 3364 1730 3423 τὸν

121 3451 255 3531 τοῦτογίιρ
268 3451 391 3528 σημαίνει
400 3451 430 3511 τὸ
443 3451 565 3520 ἐναντίως
575 3453 756 3530 (Aristoteles
768 3454 897 3512 dixerat:
954 3453 1038 3530 (ποιεῖ
1060 3456 1098 3534 τῷ
1126 3451 1192 3529 πρὸς
1216 3454 1255 3531 τῷ
1277 3452 1346 3532 ἡλίῳ
1373 3450 1447 3529 μέρει
1474 3450 1727 3528 καταλαμπομένη,

121 3536 266 3604 'Eretriam
279 3541 303 3599 οἱ
315 3537 376 3618 περί
388 3536 436 3609 rhu
448 3537 583 3612 Ἰταλίαν,
595 3538 752 3616 καλούμενοι
766 3539 793 3599 di
808 3541 900 3600 Πυθα·
950 3538 1035 3600 νύκτα
1052 3539 1080 3599 δέ
1094 3538 1164 3599 κατά
1178 3538 1221 3598 τὸν
1237 3539 1285 3601 ed.
1301 3540 1419 3617 Kutst.)
1435 3542 1517 3598 κῶνον
1533 3542 1579 3610 τῆς
1593 3539 1730 3617 γινομένης

121 3625 219 3706 γύρειοι
229 3625 366 3704 λέγουσιν)·
374 3626 403 3684 ὠ
414 3623 476 3703 περὶ
486 3626 517 3684 τὸ
529 3627 608 3703 μέσον
617 3627 736 3705 λέγοντες
747 3630 829 3698 αὐτὴν
841 3626 900 3706 (τὴν
954 3625 1001 3682 ἀπ’
1015 3630 1096 3697 αὐτῆς
1117 3634 1203 3693 σκιᾶς.
1219 3625 1371 3706 Ἀντίχθονα
1383 3627 1410 3686 δέ
1424 3623 1472 3699 τὴν
1486 3625 1598 3699 σελήνην
1621 3625 1729 3685 έκύλουν

120 3825 283 3909 appodians)
297 3841 348 3891 sm‘s
359 3841 478 3906 dogmatis
486 3842 621 3904 addebant,
635 3858 708 3906 qoem
718 3845 777 3908 ipsis
787 3846 812 3895 θπ
822 3859 899 3909 appo
951 3847 1128 3908 metuuntque
1139 3845 1203 3895 diem
1221 3844 1306 3906 faeere,
1323 3845 1455 3896 secuudum
1466 3844 1547 3895 1οσιιιιι
1557 3857 1630 3907 quem
1641 3844 1672 3894 ad
1692 3857 1730 3895 so

121 3933 198 3983 situm
218 3934 290 3980 terras
303 3931 395 3981 moseri
414 3930 536 3994 pluebat,
550 3944 579 3981 ee
597 3930 686 3982 idcireo
699 3932 775 3983 οοσθθι
794 3933 819 3982 iu
834 3936 899 3983 mrra
952 3931 999 3981 lem
1014 3931 1114 3981 οθθίοο1
1128 3929 1275 3981 Ασιθαθιθθιοιι
1291 3933 1372 3981 eutem
1382 3931 1473 3981 σθτιιιια
1487 3928 1594 3980 madian
1606 3932 1727 3990 moretum

122 4019 325 4083 degentiumesse
338 4019 452 4083 ignotam
466 4019 561 4078 Quibus
574 4020 686 4070 derebus
696 4020 805 4072 estotim
820 4020 897 4072 duse-
951 4025 975 4073 et
989 4036 1066 4086 quum
1079 4024 1194 4084 mouetur
1207 4022 1305 4080 terram,
1314 4032 1362 4070 une
1378 4019 1524 4083 conspiritnr
1536 4032 1552 4069 ε
1566 4019 1651 4080 σοθθι,
1663 4022 1728 4086 quod

122 4107 172 4158 ruit
185 4107 324 4159 Aristoteles
337 4107 475 4159 uitrtsde
485 4108 599 4169 calmet
613 4110 636 4160 in
646 4109 803 4173 ομθιιθοπθθιοε
812 4109 898 4174 Pytha·
951 4122 1047 4173 smper
1057 4108 1179 4169 interjacet
1190 4119 1279 4170 corpus
1290 4110 1362 4158 terrm
1364 4143 1411 4157 .....
1425 4107 1559 4158 Perfectum
1572 4107 1637 4158 euim
1647 4121 1730 4159 umne-

123 4195 269 4258 garioorum.
952 4211 1006 4247 rum
1018 4197 1179 4261 supponentes
1187 4194 1311 4245 denarium
1325 4195 1453 4245 aduerunt
1466 4198 1490 4246 el
1498 4197 1729 4260 eorporumquain

925 4270 930 4391 γ
951 4283 1453 4336 orbernierunturnmnerumaddeamium
1461 4283 1729 4336 madoremtonentes

953 4374 1034 4437 intur.
1045 4373 1235 4437 inquit‚astrum
1245 4372 1346 4423 irrisum
1360 4376 1470 4422 unumst
1483 4373 1575 4435 septem
1590 4373 1694 4423 emulis
1705 4376 1730 4424 et

156 4462 397 4514 Contradleuetvero
409 4461 565 4525 Pythagorel3
580 4461 696 4513 ltoeeulm
711 4462 827 4526 signidem
841 4477 899 4514 oon·
954 4460 1017 4510 haue
1032 4463 1121 4511 terram
1142 4473 1198 4510 oum
1220 4458 1375 4510 antichthone
1389 4458 1513 4509 denarium
1532 4473 1658 4510 numerum
1677 4474 1730 4525 per·

125 4552 196 4602 trade
208 4551 274 4615 (ριιο
285 4549 360 4600 serio
367 4562 432 4600 esur
442 4552 480 4600 est
489 4550 641 4601 Aristoteles
650 4552 680 4600 itt
691 4550 758 4601 libre
768 4551 800 4601 de
812 4552 898 4614 ceto),
954 4548 1069 4598 fecerunt.
1080 4550 1109 4597 ut
1120 4546 1155 4597 sic
1165 4544 1263 4612 ησθθειιι
1271 4546 1323 4611 ipse
1333 4560 1389 4610 qum
1398 4545 1608 4610 Pythagoricorum
1620 4550 1678 4598 sunt
1687 4561 1730 4598 ae·

124 4652 172 4690 uon
185 4639 250 4689 eires
262 4637 369 4688 meditata
379 4636 487 4688 dieentes
496 4639 601 4700 turam,
615 4637 657 4688 sed
674 4637 700 4688 in
712 4638 791 4688 medio
802 4639 898 4704 ησθιθοιη
953 4636 1024 4700 oepit.
1036 4635 1083 4695 Qui
1100 4639 1181 4686 autem
1194 4634 1310 4685 dnoerius
1327 4635 1373 4685 ista
1385 4635 1483 4692 callent.
1497 4634 1576 4698 ἰγσοιιι
1591 4634 1688 4698 quidem
1704 4636 1729 4686 in

124 4727 231 4777 οιιθτοτιθ
241 4726 322 4790 ignem
332 4737 403 4788 eam,
416 4726 480 4775 eires
495 4725 602 4776 medium
624 4730 705 4777 autem
722 4727 898 4778 sudelrthonem
952 4722 1033 4774 medio
1045 4724 1129 4774 dicatu
1144 4723 1193 4773 vim
1208 4722 1362 4783 effectricem,
1378 4735 1434 4787 quae
1445 4736 1459 4773 e
1471 4721 1552 4773 medio
1566 4737 1664 4774 omnem
1679 4728 1727 4774 ter·

125 4815 181 4866 terri
192 4815 274 4877 daut,
285 4816 374 4864 terram
384 4815 465 4863 auum
477 4813 621 4864 existentem
630 4816 655 4863 et
664 4816 752 4877 θριειιι,
762 4814 899 4865 οσιθεθιιθο
951 4825 1004 4864 ram
1017 4811 1123 4863 rtstnoet
1139 4814 1212 4875 atque
1226 4810 1376 4875 frigiditatem
1389 4811 1442 4872 ejus
1456 4810 1586 4861 adumar.
1617 4814 1728 4874 Quapro-

124 4915 180 4953 uem
192 4904 273 4953 antem
291 4902 416 4962 vocatam,
435 4902 562 4965 propterea
575 4899 640 4965 quod
660 4902 809 4952 econtrario
828 4901 899 4964 hujus
953 4902 1006 4963 pter
1023 4900 1048 4949 hi
1061 4899 1159 4965 quidun
1174 4898 1243 4950 ioris
1262 4901 1353 4949 turrem
1371 4898 1450 4963 ipsum
1470 4903 1571 4961 vocant,
1586 4903 1613 4949 ut
1634 4899 1727 4963 ipsein

126 4989 159 5039 sit
174 4994 255 5040 terret.
266 4991 334 5040 Post
351 4986 530 5038 antichthonem
546 4989 627 5037 eutem
643 4990 707 5037 terrs
725 4987 777 5038 hoe
792 4989 858 5037 mota
875 4990 900 5037 et
953 4987 1117 5050 Pythagoricis
1138 4987 1259 5048 σεπιιθις
1276 4986 1317 5036 elii
1331 4990 1413 5038 autem
1430 4986 1500 5038 iovis
1513 4986 1645 5037 custodiam
1663 4990 1691 5037 ut
1701 4987 1726 5036 in

125 5076 177 5141 ipsa
190 5077 256 5127 utres
277 5075 397 5136 medium,
416 5078 471 5139 post
493 5078 581 5124 terram
602 5078 683 5124 eutem
697 5074 762 5126 lune.
781 5075 821 5125 §ie
836 5076 900 5125 enlm
952 5076 1049 5140 histis
1062 5078 1137 5128 tilris
1153 5077 1212 5129 scil.
1226 5075 1260 5127 de
1269 5075 1367 5137 (θείως
1380 5076 1418 5127 ahi
1432 5079 1512 5126 autem
1524 5074 1592 5123 ioris
1602 5074 1726 5135 θιτοααια,
1752 5096 1759 5112 ·

125 5164 211 5228 ipsein
231 5162 293 5214 libro
305 5163 337 5214 de
349 5161 505 5227 Pythagoreis
517 5165 607 5213 narrat.
625 5165 724 5212 Terram
740 5165 820 5213 ευθοσι
838 5164 901 5212 tam·
954 5167 982 5214 ot
992 5165 1032 5214 aiii
1043 5168 1148 5217 mutet.
1165 5167 1357 5217 estrumentum
1367 5145 1727 5223 murmuratumque

125 5266 198 5316 quatu
213 5265 289 5303 unum
298 5256 418 5302 astrorum
431 5250 573 5300 existentem
586 5249 678 5300 moveri
687 5249 750 5300 eirea
760 5249 866 5300 medium
877 5251 902 5299 el
953 5251 1141 5303 instrumentum
1163 5253 1188 5301 ei
1209 5249 1286 5314 ipsam
1303 5249 1432 5311 θοιιιροτθες
1447 5249 1541 5297 dieram
1558 5247 1622 5296 enim
1640 5250 1664 5297 et
1682 5261 1726 5298 no·

493 4338 530 4383 15.
