3959 5900
253 457 313 515 tit

251 583 482 664 quemadmodum
496 592 525 635 et
535 583 563 633 in
576 582 678 633 uentis.
694 576 813 648 Propter
825 573 901 647 quod
912 590 1025 645 proaer-

252 677 361 732 bialiter
371 673 512 745 loquentes
520 668 641 722 dicimus
649 680 663 734 t
671 661 818 718 inclroante
829 672 921 715 auum
932 671 1027 715 ausuo

251 775 279 819 et
288 763 430 819 desinente
443 758 535 812 borea.
546 754 602 825 Qui
615 752 729 827 quidem
742 754 817 806 enim
828 758 922 804 muter
929 751 997 821 quia
1007 766 1027 802 a

255 853 336 925 longe
344 848 468 921 peruenit
479 844 521 898 ad
529 860 594 908 nos,
608 845 703 915 primo
710 839 812 894 debilis
821 838 893 910 stat,
909 853 1028 908 magnus

251 950 343 993 autem
358 934 399 1008 fit
420 948 581 987 consumens
596 928 799 1002 (consummans
816 942 849 982 s.
863 921 910 999 1.),
930 925 1028 978 boreas

253 1037 345 1079 autem
355 1022 524 1076 contrarium
528 1014 803 1091 propterlrabitatum
811 1013 899 1067 locum
908 1014 1028 1083 supponi

253 1113 294 1166 ad
306 1112 427 1187 boream.
443 1107 526 1163 Nilus
550 1116 642 1159 autern
661 1106 741 1157 uenit
755 1104 848 1174 primo
867 1102 1026 1164 mouimus,

250 1210 390 1273 postremo
418 1206 510 1250 autem
537 1197 688 1247 minoratio
706 1201 734 1244 et
756 1188 900 1260 deficiens.
931 1184 1029 1239 Adbuc

256 1298 349 1343 autern
372 1282 548 1338 conventibus
565 1284 701 1335 mensium
723 1280 813 1348 tnagis
826 1275 896 1347 fluit
912 1285 940 1329 et
955 1272 1029 1345 defi·

253 1380 341 1429 ciente
364 1373 431 1426 luna
464 1371 553 1443 ntagis
576 1384 658 1440 quant
681 1375 774 1419 stante
797 1374 827 1417 et
855 1361 1027 1437 panselinis.

258 1460 409 1535 Oportebat
430 1468 522 1512 autem
550 1458 717 1509 contrarium
743 1468 754 1503 .·
775 1450 931 1522 plenilunio
958 1451 1031 1502 enirn

254 1549 401 1625 congelata
424 1546 575 1602 tabescunt.
591 1543 628 1596 Et
650 1552 797 1596 uentorum
819 1538 932 1611 quando
952 1536 1033 1591 boree

255 1640 395 1707 obtinent,
406 1635 457 1688 sed
467 1650 521 1686 non
535 1630 649 1704 quando
661 1628 740 1683 notbi
753 1648 763 1681 .·
774 1630 901 1700 quamvis
912 1621 1033 1699 liquefa-

257 1730 313 1779 ciat
334 1721 445 1796 quidem
470 1720 554 1775 borea
577 1735 649 1772 nunc
674 1718 765 1787 nitigis
787 1712 897 1768 notlrus.
924 1711 1032 1766 Eadem

257 1824 349 1866 autern
369 1809 460 1863 dicere
475 1810 602 1881 congruit
614 1816 642 1858 et
655 1804 696 1857 ad
707 1803 831 1855 dicentes
852 1798 889 1853 ab
904 1798 1034 1853 Eracleis

256 1899 411 1971 columpnis
430 1894 535 1966 fluere.
561 1889 729 1947 Promatlrus
756 1904 832 1943 enim
859 1884 971 1941 Samius
995 1905 1033 1941 ee

257 1988 375 2058 Argenti
390 1994 482 2038 monte
487 2002 498 2049 ,·
515 1982 588 2035 unde
610 1992 639 2035 et
659 1979 794 2034 Cremetis
807 1971 855 2049 (ci.
874 1972 962 2031 Arist.
977 1970 1035 2030 Me·

258 2071 362 2131 teorol.
381 2070 406 2141 l,
432 2067 478 2137 15,
505 2065 565 2143 ut),
582 2062 737 2141 liquefacta
750 2068 819 2118 nive.
841 2061 943 2118 Adbuc
961 2066 1034 2116 enim

253 2181 309 2235 per
317 2161 441 2234 amplius
448 2162 574 2232 spacium
580 2157 648 2227 fieri
652 2156 767 2226 fluxum
779 2171 787 2206 :
799 2170 856 2226 per
866 2162 951 2206 totam
961 2155 1034 2207 enirn

258 2251 370 2305 Libiam
384 2252 472 2320 ipsum
479 2246 572 2317 fluere
587 2245 687 2316 inquit.

297 2339 340 2392 De
354 2353 440 2390 causa
453 2334 566 2406 quidem
580 2334 673 2405 igiair,
684 2339 893 2401 propterquam
912 2328 1036 2381 Anaua·

261 2442 345 2498 goras
379 2424 420 2475 ait
449 2415 565 2490 effluere
595 2418 713 2485 Nilum,
740 2424 820 2469 tanta
851 2414 930 2467 dicta
957 2426 1040 2469 suna·

259 2510 404 2581 Reliquum
418 2516 511 2560 autem
526 2506 667 2560 modorum
679 2520 725 2558 eas
739 2505 788 2574 qui
803 2516 859 2554 non
869 2498 978 2557 liabent
989 2520 1036 2555 ra-

261 2601 353 2650 ciones
364 2593 528 2649 verisimiles
541 2595 683 2667 posterius
703 2589 835 2643 dicemus.
851 2587 921 2642 Sunt
942 2599 1035 2643 autern

261 2684 375 2757 quidam
384 2685 432 2756 qui
438 2685 522 2735 aiunt
528 2683 628 2752 augeri
633 2678 751 2750 fluuium
761 2686 876 2750 propter
885 2677 1033 2744 annuales,

259 2770 386 2839 fontibus
396 2769 534 2825 incidente
545 2786 578 2824 eo
593 2768 668 2842 quod
674 2777 757 2821 cetra
766 2767 850 2823 mari.
865 2765 915 2819 ilii
925 2777 1031 2833 autem,

260 2860 408 2914 calidiores
417 2863 565 2913 existentes
569 2852 670 2928 fontes
678 2872 734 2932 per
744 2865 860 2909 estatem
869 2854 1037 2928 superfluere

260 2949 408 3003 accedente
415 2947 520 3004 solead
527 2965 639 3002 ursam:
650 2948 741 3018 magis
747 2947 822 2998 enirn
828 2939 943 3013 fervore
946 2942 1034 3014 fluere

260 3054 363 3109 aquam
377 3054 462 3109 quam
471 3031 596 3107 frigore.
616 3034 736 3105 Quorum
749 3043 892 3103 utrumque
906 3032 1038 3088 mediocri

260 3124 375 3195 dignum
391 3134 432 3177 est
439 3123 669 3178 consideratione.
687 3121 742 3190 (lui
755 3120 868 3192 quidem
879 3124 953 3174 enirn
965 3137 1037 3191 pro·

258 3219 323 3282 pter
335 3209 491 3276 annuales,
506 3210 639 3263 videntur
651 3208 721 3262 solvi
739 3205 841 3259 eisdem
861 3206 1035 3273 racionibus,

261 3314 331 3369 quas
341 3296 453 3369 quidem
464 3307 492 3349 et
501 3301 585 3369 prius
598 3296 738 3362 dicimus,
751 3303 780 3347 et
793 3292 868 3364 quod
883 3311 938 3364 per
951 3304 1037 3347 totam

263 3384 370 3440 libiam
377 3382 474 3456 fluens
488 3384 562 3437 idem
575 3381 673 3446 facere
685 3384 823 3436 consuevit
828 3379 942 3451 fluvius.
957 3381 1040 3451 Quod

263 3483 357 3527 autern
381 3483 490 3527 tantam
510 3482 605 3526 sumat
628 3469 804 3525 addicionem
830 3487 906 3540 aqua
923 3480 1041 3542 propter

256 3555 412 3628 ferreorum,
429 3559 620 3615 irrationabile
645 3558 780 3627 totaliter,
804 3560 871 3628 quia
897 3574 953 3611 non
972 3559 1039 3630 plns

259 3642 336 3709 facit
343 3658 459 3723 propter
473 3645 579 3707 terrere
591 3646 740 3701 secundum
758 3656 890 3699 tumorem
905 3651 1037 3702 maiorem

262 3736 385 3790 eiusdem
399 3736 597 3790 multitudinis.

303 3824 461 3898 Nicagoras
476 3819 602 3896 (nomen
616 3830 726 3876 rectum
752 3837 784 3877 sc
805 3816 914 3876 habere
935 3818 1041 3878 docent

262 3905 360 3969 Schol.
372 3905 471 3984 Apoll.
484 3904 579 3964 Rhod.
591 3901 638 3976 lv,
648 3906 706 3981 269
715 3917 745 3963 et
757 3904 950 3965 Callimachus
962 3905 1039 3985 apud

263 3995 360 4071 Antig.
376 3992 483 4054 Mirah.
501 4014 526 4054 c.
553 3992 619 4071 157)
642 4009 736 4051 autem
762 3997 874 4069 CIprius
891 4001 932 4050 ait
950 4002 1040 4070 ipsum

259 4085 351 4154 fluere
374 4085 497 4157 amplius
522 4096 609 4139 estate
622 4102 670 4152 eo,
684 4081 861 4158 quodfontes
881 4083 985 4140 babeat
1004 4105 1041 4140 ea

265 4184 340 4226 terra
355 4174 397 4227 ad
409 4173 488 4227 illam
499 4184 610 4246 partem
616 4216 626 4241 ‚
641 4178 671 4226 in
680 4192 736 4247 qua
747 4171 843 4246 byems
855 4184 913 4241 est,
929 4177 1041 4247 quando

264 4255 351 4317 luerit
363 4261 442 4335 apud
457 4278 508 4315 nos
520 4273 604 4318 estas.
618 4261 683 4316 Non
701 4263 790 4335 plane
809 4273 902 4316 autem
919 4260 972 4317 boc
991 4264 1041 4318 de·

265 4351 404 4404 terminat.
419 4348 536 4402 Videtur
546 4358 639 4402 auam
659 4346 750 4401 niclril
762 4353 924 4419 negociatus
946 4347 1041 4422 (nego-

793 435 1038 500 scissemus
1060 433 1309 495 FRAGMENTA.

1078 581 1155 635 sunt,
1173 586 1237 642 ,que
1269 579 1362 622 autern
1392 566 1537 621 liabitatur
1547 583 1616 621 una.
1635 565 1751 618 Accidit
1774 569 1861 639 igitar

1077 661 1249 730 pertransire
1253 656 1391 727 fluentem
1403 655 1490 728 duplo
1503 664 1611 707 tantam
1623 656 1769 725 regionem
1791 654 1857 706 lati·

1080 747 1182 800 tudinis
1206 744 1332 799 liabitate
1357 754 1387 798 et
1415 761 1471 817 per
1493 737 1710 795 inhabitabilem
1740 755 1862 815 propter

1079 851 1221 888 excessum
1234 833 1349 889 ardoris.
1363 834 1465 904 Itaque
1477 834 1502 883 si
1518 847 1606 902 neque
1625 832 1722 883 stetin
1743 833 1858 883 circuite

1081 926 1166 977 maris
1182 922 1276 993 tsoie,
1287 921 1339 975 sed
1360 923 1505 975 continuus
1519 935 1684 992 progressus
1695 928 1756 971 tarn
1771 921 1858 972 inter-

1081 1015 1218 1064 minatam
1249 1012 1403 1082 pertransit
1433 1006 1624 1072 latitudincm,
1641 1017 1761 1079 propter
1788 1007 1865 1078 quod

1081 1098 1190 1171 quidem
1208 1108 1236 1151 et
1252 1115 1272 1150 a
1288 1100 1350 1150 nive
1365 1095 1517 1150 dicentibus
1526 1095 1620 1164 fluere
1637 1094 1756 1160 accidit,
1775 1098 1860 1148 etsie

1082 1184 1235 1241 dicentibus
1247 1184 1427 1257 impossibile.

1122 1276 1239 1329 Restant
1250 1283 1344 1327 autem
1361 1283 1416 1327 tres
1437 1269 1530 1326 mna
1552 1270 1628 1325 modi
1644 1271 1803 1337 dictorum,
1816 1289 1859 1323 se·

1083 1362 1202 1415 cundum
1214 1378 1282 1433 quos
1295 1362 1458 1433 contigimus
1470 1360 1571 1412 annuis
1583 1362 1693 1432 augeri.
1709 1359 1749 1411 la
1763 1355 1864 1419 breme

1084 1454 1157 1504 enim
1179 1445 1278 1503 ablata
1296 1465 1349 1520 que
1364 1451 1455 1500 inerat
1467 1464 1543 1517 aqua
1556 1462 1565 1498 .·
1580 1443 1634 1499 ltoc
1650 1457 1745 1498 autem
1769 1450 1865 1516 utiqrre

1085 1542 1139 1592 erit
1145 1538 1204 1592 sole
1215 1537 1388 1603 desiccante,
1405 1533 1637 1608 quemadmodum
1648 1534 1716 1587 dicit
1729 1534 1861 1587 Eroclotas

1085 1621 1248 1687 fabularum
1263 1627 1388 1697 scriptor.
1402 1624 1466 1679 Non
1479 1626 1555 1677 enim
1568 1625 1610 1676 ait
1619 1626 1648 1675 in
1662 1620 1765 1690 hyeme
1775 1622 1859 1676 mlem

1082 1731 1137 1786 per
1156 1712 1266 1767 Libiam
1282 1708 1387 1781 facere
1416 1709 1663 1776 habundanciam,
1680 1713 1738 1764 nisi
1757 1714 1781 1763 si
1797 1727 1865 1763 con·

1086 1804 1176 1875 tingat
1197 1801 1284 1855 murm
1308 1798 1375 1863 binc
1397 1798 1497 1852 ducere
1521 1796 1680 1861 irumorem,
1703 1799 1781 1849 eirca
1797 1813 1860 1849 uer·

1085 1892 1179 1942 tiones
1192 1900 1285 1942 autem
1300 1887 1431 1942 estivalcs
1443 1886 1486 1939 ad
1499 1896 1605 1939 arctum
1624 1888 1734 1937 venire.
1748 1883 1864 1956 Nequa—

1086 1992 1170 2047 quam
1184 1985 1277 2029 autern
1291 1974 1394 2027 dicitur
1403 1976 1536 2045 exquisite
1555 1990 1565 2024 :
1581 1988 1669 2043 neque
1681 1974 1757 2024 enim
1766 1972 1864 2026 Nilum

1086 2062 1230 2135 oportebat
1248 2059 1353 2132 facere
1375 2062 1463 2115 solum
1488 2059 1548 2114 boc.
1573 2059 1708 2113 Similiter
1732 2063 1808 2113 otim
1826 2078 1861 2112 ee

1087 2150 1168 2205 libia
1181 2161 1239 2205 tota
1252 2150 1326 2204 idem
1337 2150 1405 2202 dicit
1412 2149 1498 2203 solem
1513 2145 1626 2201 trabere
1637 2145 1801 2214 narrarem,
1812 2166 1864 2220 pu·

1089 2247 1201 2310 tareque
1225 2239 1399 2309 supervenire
1426 2233 1573 2289 habitabili
1601 2235 1687 2288 solem
1714 2234 1859 2288 secundum

1088 2342 1281 2399 quamcunque
1293 2335 1421 2396 partem,
1443 2324 1566 2377 stulntm.
1584 2322 1693 2395 Ubique
1713 2340 1860 2393 gnomones

1089 2412 1215 2467 umbram
1230 2413 1271 2466 ad
1284 2411 1425 2465 meridiem
1437 2406 1557 2481 faciunt
1578 2422 1605 2465 et
1625 2428 1680 2463 non
1702 2408 1756 2466 boc
1776 2408 1858 2482 deffe-

1089 2516 1168 2572 ntnt,
1183 2502 1234 2555 sed
1248 2517 1303 2574 per
1321 2502 1453 2553 maiorem
1472 2511 1524 2553 nra
1543 2503 1675 2553 minorem
1685 2496 1791 2566 facere
1804 2517 1859 2552 um·
1950 2524 1951 2535 π

1090 2589 1180 2647 brom
1192 2584 1304 2644 Libiam
1319 2598 1404 2642 totam
1415 2585 1679 2660 ampbitlralassiam
1693 2590 1772 2641 aiunt
1786 2605 1863 2653 esse,
1950 2600 1951 2603 ’

1090 2688 1234 2752 tamquam
1247 2695 1309 2731 curn
1327 2680 1378 2730 iste
1391 2675 1488 2730 modus
1498 2676 1609 2748 quidem
1629 2692 1724 2728 catate
1737 2679 1859 2748 impossi-

1090 2767 1162 2824 bilis.

1129 2854 1273 2926 Ileliqtutm
1293 2864 1386 2907 autem
1400 2853 1518 2905 duarnrn
1538 2862 1683 2925 utramque
1696 2853 1787 2906 dicere
1808 2864 1857 2908 est.

1090 2945 1141 2999 Est
1152 2946 1225 2997 enirn
1239 2960 1296 2996 una
1307 2941 1417 3014 quidem
1432 2959 1536 3010 carna,
1551 2945 1618 3014 quia
1635 2953 1709 2995 terra
1726 2938 1861 3015 superja·
1950 3005 1951 3020 χ

1091 3049 1154 3087 rens
1170 3034 1293 3085 ecistens
1304 3027 1402 3101 breme
1415 3048 1461 3096 eo,
1476 3030 1551 3101 quod
1563 3035 1591 3083 in
1606 3031 1659 3083 tali
1667 3026 1860 3098 fundosontes

1089 3123 1159 3186 sint,
1173 3120 1233 3174 Nili
1249 3119 1404 3172 desiccatur
1418 3135 1504 3190 aqua.
1527 3119 1610 3188 Quod
1628 3118 1739 3190 quidem
1749 3130 1778 3172 et
1801 3119 1861 3170 aliis

1090 3208 1211 3262 accidit:
1225 3218 1296 3280 puta
1307 3211 1336 3259 in
1348 3206 1449 3276 Frigia
1465 3217 1535 3262 sunt,
1547 3210 1642 3279 putei,
1657 3209 1705 3279 qui
1726 3210 1756 3260 in
1777 3205 1864 3260 bieme

1091 3294 1199 3367 quidem
1221 3305 1285 3348 sunt
1304 3297 1383 3360 sicci,
1401 3296 1430 3345 in
1445 3304 1533 3348 estate
1555 3305 1649 3348 autern
1670 3295 1818 3367 replentur.
1830 3294 1865 3345 tr
1888 3313 1891 3322 ⁴

1090 3388 1119 3438 in
1138 3382 1267 3440 Olintbia
1294 3381 1458 3438 Calcidonie
1484 3384 1599 3455 quidam
1618 3386 1697 3455 putei
1715 3383 1862 3457 plenissimi

1090 3483 1260 3528 suntestate.
1274 3471 1354 3525 Hanc
1366 3471 1476 3543 quidem
1489 3475 1573 3543 igitur
1592 3489 1710 3526 causam
1732 3484 1762 3526 ut
1778 3475 1860 3525 racio·
1950 3501 1951 3504 =

1091 3558 1255 3613 nobiliorem
1275 3561 1438 3611 existentem
1461 3559 1525 3623 illa,
1553 3576 1638 3631 quam
1658 3559 1779 3632 predicti
1795 3561 1861 3611 assi·

1091 3657 1201 3718 gnant,
1216 3647 1381 3701 dirimamus
1389 3650 1479 3720 prita.

1131 3736 1213 3790 Nunc
1225 3748 1318 3791 autern
1337 3737 1509 3808 relinquetur
1525 3734 1587 3790 sola
1615 3753 1702 3789 coresa
1719 3736 1859 3790 dictorum.

1092 3823 1172 3877 Hane
1193 3842 1307 3878 causam
1328 3824 1490 3887 dicendum,
1513 3823 1717 3896 propterquod
1735 3827 1792 3878 iarn
1812 3841 1865 3877 non

1090 3908 1238 3981 problema
1256 3913 1369 3967 videtur
1386 3929 1447 3966 esse
1464 3914 1519 3967 :in
1540 3929 1650 3965 sensum
1672 3915 1750 3966 enirn
1771 3916 1861 3975 uenit,

1094 4000 1324 4071 quemadmodum
1340 4017 1393 4072 per
1406 4016 1437 4054 se
1450 4000 1579 4052 videntes
1593 3995 1673 4067 facti
1686 4017 1706 4052 a
1725 4003 1802 4058 orsis.
1819 4000 1862 4050 Vi·

1095 4085 1197 4138 dentur
1216 4090 1288 4140 enim
1303 4104 1376 4158 aque
1389 4082 1469 4150 facte
1483 4104 1536 4158 per
1554 4097 1679 4159 tempora
1692 4085 1744 4141 bec
1763 4106 1784 4140 a
1798 4104 1866 4141 cane

1095 4173 1234 4245 usquead
1249 4185 1389 4228 arcturum
1408 4169 1493 4226 multe
1506 4183 1535 4226 et
1547 4172 1755 4240 habundanter,
1769 4173 1865 4241 breme

1094 4273 1187 4316 autem
1210 4262 1295 4317 nulle.
1310 4261 1346 4315 Et
1357 4261 1462 4331 fluctus
1480 4265 1648 4333 nutriuntur,
1661 4280 1723 4316 curn
1746 4274 1864 4316 cresarnt

1094 4353 1122 4403 in
1135 4353 1211 4423 ipsis.
1224 4350 1262 4404 Et
1276 4360 1392 4422 propter
1400 4347 1453 4404 boc
1469 4349 1556 4403 simul
1569 4349 1740 4403 annualibus
1759 4351 1864 4403 aduenit

264 4438 360 4500 riatur,
378 4439 552 4506 negociacins
565 4451 596 4489 ν.
612 4431 644 4508 l.)
658 4451 717 4488 esse
736 4439 813 4489 circa
835 4433 888 4490 lroc
904 4435 979 4507 quod
997 4437 1041 4491 di·
1085 4437 1220 4508 stavia:
1236 4439 1366 4491 istienim
1382 4436 1499 4490 nebulas
1513 4441 1639 4492 maxime
1655 4432 1757 4505 ferunt
1777 4441 1805 4490 in
1823 4455 1863 4490 re·

265 4526 337 4576 citur
350 4540 357 4576 :
370 4523 455 4577 simul
466 4528 543 4578 enim
554 4522 632 4578 nobis
641 4534 716 4576 estas
726 4523 797 4592 fitet
806 4520 903 4594 ltyems
912 4527 941 4576 in
950 4523 1042 4578 altera

265 4628 337 4665 zona
350 4609 557 4681 babitantibus,
570 4610 764 4666 intermedium
785 4621 878 4666 autem
900 4609 1041 4665 inlrabita·

267 4698 321 4751 bile
334 4709 375 4752 est
392 4700 467 4770 quod
480 4703 579 4773 tropici
599 4698 725 4754 incidunt
738 4697 774 4752 de
800 4710 885 4755 terra.
902 4699 953 4753 Est
968 4701 1041 4752 enim

268 4804 325 4839 una
334 4785 444 4858 quidem
454 4805 525 4860 pars
536 4786 619 4862 lutee,
631 4788 723 4842 altera
734 4797 827 4842 autem
838 4804 922 4860 quam
935 4803 1044 4859 semper

268 4870 434 4944 nranisestus
453 4876 569 4929 circulus
582 4886 610 4930 et
621 4894 705 4949 quam
719 4893 828 4948 semper
841 4868 1043 4941 immanifestus

269 4963 466 5016 determinant.
481 4961 580 5015 Media
600 4973 693 5017 autem
717 4961 814 5017 borum
833 4971 862 5015 et
881 4962 1043 5031 tropicorum

269 5049 394 5104 habitari
413 5052 548 5120 contingit
568 5052 597 5101 in
620 5053 735 5105 circuitu
755 5062 850 5104 terre:
870 5047 932 5101 sola
949 5057 1043 5101 autem

269 5154 323 5209 que
345 5136 509 5192 intermedia
529 5147 584 5205 est,
597 5137 663 5191 solis
680 5142 810 5193 adsultus
823 5139 958 5203 existens,
971 5134 1043 5188 dua·

269 5241 331 5279 rum
353 5243 484 5281 zonarum
507 5227 679 5301 magnitudo.
704 5228 767 5282 Due
793 5230 868 5282 enim
893 5224 1045 5280 decisiones

1093 4528 1205 4595 gionem
1234 4535 1262 4579 et
1276 4528 1445 4598 quicunque
1474 4524 1525 4578 alii
1549 4529 1629 4580 venti
1648 4524 1722 4596 fiunt
1744 4526 1864 4580 estirules

1095 4610 1240 4668 antelios.
1263 4612 1371 4682 Quibus
1393 4609 1603 4683 offendentibus
1625 4613 1666 4667 ad
1689 4625 1796 4669 montes
1820 4615 1865 4667 de·

1097 4699 1187 4757 tuum
1211 4716 1283 4772 aque
1316 4702 1357 4754 ad
1390 4712 1508 4773 stagna,
1536 4719 1591 4774 per
1615 4720 1669 4773 quc
1694 4704 1779 4758 Nilus
1790 4703 1864 4774 fluit.

1095 4785 1196 4842 Adbuc
1221 4799 1314 4842 autem
1336 4800 1364 4844 et
1389 4808 1453 4862 quoe
1474 4808 1494 4843 a
1516 4793 1576 4843 niue
1601 4789 1754 4845 dicentibus
1776 4790 1868 4862 fluere

1095 4876 1356 4931 subcontrarietates
1370 4878 1554 4949 testificantur
1570 4876 1636 4931 huic
1648 4882 1758 4932 racioni
1763 4918 1773 4946 ,
1784 4877 1865 4951 quod·

1096 4983 1149 5038 que
1169 4974 1198 5018 et
1218 4968 1269 5019 toti
1291 4966 1465 5020 conventibus
1481 4970 1613 5021 mensium
1636 4971 1729 5041 magis
1750 4983 1870 5021 erescere

1088 5053 1236 5124 fluvium:
1265 5055 1365 5105 etenim
1400 5069 1474 5125 aque
1503 5064 1696 5108 consueverunt
1715 5052 1785 5127 fieri
1807 5065 1870 5105 tunc·

1098 5144 1204 5213 magis,
1219 5149 1249 5193 et
1267 5138 1342 5210 quod
1353 5153 1408 5192 non
1428 5143 1561 5196 similiter
1571 5146 1711 5215 copiosum
1734 5138 1867 5194 inchoans

1098 5247 1159 5283 cum
1181 5238 1334 5302 qrostremo,
1359 5226 1453 5283 adbuc
1470 5240 1563 5284 autern
1581 5229 1694 5303 quando
1710 5227 1870 5300 notbistant
