3959 5900
285 444 324 501 li
824 435 1071 498 AlllS'llll'EhlS
1094 430 1342 494 FRAGMENTA.

282 574 346 649 ipse
359 571 460 643 index,
476 570 527 649 qui
540 570 618 649 apud
627 568 786 645 Diogenem
798 581 902 644 exstat,
914 565 1005 645 hujus
1013 566 1056 626 rei
1112 584 1180 622 vum
1204 562 1331 621 indicem
1356 560 1488 619 omnium
1517 559 1691 635 scriptorum
1720 559 1898 660 Aristotelis

285 660 456 739 praclarum
470 657 616 736 quoddam
628 656 832 715 documentum
851 654 990 734 praebeat,
1004 674 1056 713 ne·
1111 650 1279 721 confecisse,
1292 646 1383 708 sedin
1395 646 1493 718 libris,
1504 657 1670 724 quontitate
1683 644 1793 747 Gelho,
1807 647 1897 706 Noct

284 768 341 826 que
351 748 417 807 tnlis
431 759 507 805 certe
521 746 560 804 sit
570 758 603 805 ιιι
614 757 690 804 recte
704 743 873 802 Andronico
886 742 991 817 aliive,
1005 742 1057 819 qui
1112 737 1243 810 mcxx,
1254 737 1270 794 5
1280 750 1308 795 et
1317 733 1581 795 llschemaluddino
1592 731 1681 813 (apud
1687 734 1897 801 Wenrteh00e

286 834 321 893 ad
343 835 407 912 ipsa
419 832 557 893 doctrinae
568 832 764 911 peripateticae
781 830 941 910 penetralia
966 848 1059 888 acces·
1111 839 1253 883 accurram
1264 845 1355 899 grece.
1376 825 1550 881 versionibus
1562 824 1646 882 crab.
1658 829 1766 895 syriae.
1778 845 1897 884 ανπισνι.

285 923 367 992 serit,
384 919 539 978 tribuatur.
1112 912 1208 991 lips,
1233 913 1322 989 1842,
1336 932 1367 989 p.
1389 910 1441 983 157
1458 913 1615 986 :Epirtolae
1634 913 1716 983 αἱμα,
1734 931 1808 987 quas
1829 916 1900 969 XX

335 1008 451 1085 Optime
463 1019 558 1065 autem
578 1006 745 1064 lactumest
764 1017 797 1063 ut
809 1005 846 1064 de
870 1025 955 1078 cura,
971 1024 1057 1082 quam
1113 1003 1190 1058 libris
1205 1003 1379 1058 Andronicus
1393 1006 1612 1073 inverrttpraeter
1626 1001 1701 1072 illas,
1718 1020 1785 1075 qaoe
1800 1005 1833 1056 ire
1861 1005 1897 1056 lr'·

285 1097 336 1154 ille
362 1095 417 1167 uir,
438 1094 633 1173 peripateticae
646 1094 784 1152 doctrinae
800 1112 866 1152 vere
884 1093 1059 1172 sospitator,
1112 1091 1161 1146 bru
1176 1092 1204 1143 V
1214 1092 1365 1145 Andronici
1377 1089 1414 1143 de
1428 1090 1587 1187 Aristotelis
1601 1092 1720 1187 ’scriptis
1733 1108 1897 1145 menromn·

286 1185 316 1241 in
341 1181 505 1240 Aristotelis
525 1181 611 1240 libris
634 1193 779 1259 posuerat,
796 1181 944 1257 egregium
967 1193 1060 1239 exstet
1114 1191 1167 1247 rur,
1187 1178 1250 1235 sive
1264 1188 1297 1234 ut
1309 1173 1547 1253 apudssasuaum
1561 1173 1672 1233 editum
1687 1187 1741 1245 est,
1756 1195 1787 1253 p.
1805 1178 1869 1234 308
1887 1200 1893 1232 z

286 1270 483 1328 testimonium
511 1266 686 1347 Porphyrii,
707 1268 814 1345 quide
833 1268 963 1327 editione
988 1268 1061 1353 scri·
1113 1269 1188 1321 Attoe
1207 1267 1354 1339 Epistolae,
1371 1261 1438 1320 uta
1458 1264 1525 1318 XX
1544 1269 1681 1319 recensuit
1698 1267 1894 1327 Andronicus.

287 1370 406 1437 ptorum
422 1355 532 1414 Plotini
550 1376 636 1433 quam
662 1356 726 1434 ipse
741 1369 892 1434 paraverat
912 1375 1002 1434 quum
1018 1355 1059 1413 ln·
1110 1355 1290 1428 praererr'llas
1302 1372 1366 1427 quoe
1373 1357 1403 1406 tn
1412 1352 1517 1406 11¹me
1519 1353 1671 1411 Armenici
1679 1366 1891 1408 memorantur:

286 1458 436 1523 queretur,
458 1445 624 1522 exemplum
646 1462 677 1503 se
696 1444 870 1523 Apollodori
891 1458 920 1503 et
945 1443 1060 1502 Andro-
1113 1443 1161 1497 ubi
1183 1454 1212 1497 et
1236 1436 1395 1496 Aristotelis
1419 1441 1548 1494 trtmrum
1571 1440 1657 1495 indes
1682 1440 1833 1513 oecanitl,
1857 1441 1895 1499 de

288 1533 348 1590 nici
374 1544 503 1590 secutum
532 1531 689 1591 essehisoe
710 1532 838 1590 declarat
863 1531 980 1603 verbis,
996 1530 1061 1590 Vita
1115 1527 1270 1587 Aristotele
1294 1525 1489 1604 conscripsit,
1516 1544 1582 1583 cum
1611 1526 1709 1585 multis
1739 1527 1829 1597 aliis,
1860 1542 1894 1585 ιιι

286 1620 408 1695 Plotini,
428 1640 455 1679 c.
479 1630 515 1686 at
540 1640 547 1676 ι
569 1610 622 1680 Ὧν
644 1622 659 1678 δ
686 1617 740 1696 μὲν
757 1618 924 1700 Ἐπίχαρμον
945 1619 989 1677 τὸν
1005 1610 1059 1677 κον-
1113 1616 1239 1694 exempli
1253 1634 1340 1673 causa
1356 1626 1525 1672 testamento
1537 1614 1716 1687 Aristotelis,
1736 1615 1818 1692 quod
1829 1616 1893 1692 jam

288 1707 460 1787 μιρδογροίρον
478 1708 514 1773 τις
530 1704 594 1765 δέκα
610 1705 705 1781 τόμους
722 1707 806 1786 φέρων
821 1707 986 1786 συνήγαγεν,
1006 1705 1060 1765 ὅδὲ
1117 1703 1293 1783 Hermippus
1305 1702 1422 1760 dederat
1432 1701 1481 1776 (cl.
1492 1700 1597 1760 Athen.
1609 1699 1692 1773 xltt,
1703 1722 1735 1779 p.
1750 1703 1855 1779 589,c
1866 1718 1894 1759 et

286 1795 320 1854 τδι
344 1794 541 1875 Ἀριστοτέλουςί
561 1795 606 1854 καὶ
629 1794 799 1876 Θεοφράστου
828 1796 863 1863 τις
879 1793 1061 1874 πραγματείας
1114 1787 1894 1870 XV,p.696,F),tabulamquoqueahllermippocon·

287 1884 365 1942 διιῑλι
384 1881 431 1947 τὰς
452 1880 549 1948 οἰκείας
570 1880 704 1948 ὑποδέσεις
727 1884 763 1949 sle
785 1884 864 1943 ταύτὸ
893 1880 1059 1960 συναγαγών.
1115 1880 1204 1937 ditem
1222 1891 1350 1937 mutuam
1368 1877 1538 1956 sumpsisse.
1774 1966 1781 1979 .

285 1970 357 2041 Quae
378 1988 464 2028 nemo
481 1970 563 2029 facile
582 1970 619 2029 de
635 1969 789 2044 omnihus,
810 1971 873 2030 sive
897 1970 1062 2029 Aristotelis
1154 1966 1218 2024 Non
1239 1967 1331 2041 stragis
1355 1978 1449 2023 autem
1476 1983 1562 2041 quam
1585 1962 1623 2022 ah
1649 1965 1838 2042 Andronico,
1855 1967 1893 2024 ah

285 2061 346 2116 sive
360 2055 564 2135 Theophrasti,
579 2056 665 2116 libris
676 2058 753 2116 dicta
767 2074 830 2117 esse
844 2058 1007 2119 contendet.
1023 2057 1062 2116 Ut
1114 2056 1174 2114 illis
1196 2055 1247 2132 qui
1263 2067 1362 2132 postca
1384 2053 1521 2112 vixerunt
1535 2052 1737 2130 Peripateticis
1756 2056 1829 2114 novi
1845 2058 1893 2114 in·

285 2145 364 2202 enim
374 2144 410 2203 de
420 2145 484 2203 solo
498 2143 654 2202 Aristotele
666 2144 781 2221 loquar,
792 2154 984 2224 πραγματιῑαι,
996 2167 1061 2223 quae
1114 2144 1194 2203 dices
1209 2142 1375 2201 Aristotelis
1384 2139 1524 2199 librorum
1536 2142 1695 2220 conscripti
1709 2161 1772 2201 esse
1786 2143 1892 2202 siden·

287 2232 336 2289 liic
356 2244 506 2303 vocantur,
523 2231 611 2289 nullae
622 2231 686 2290 aliae
701 2245 767 2290 sunt
783 2252 869 2310 quam
889 2253 961 2312 quas
972 2234 1061 2292 hodie
1115 2246 1163 2290 tur
1178 2255 1187 2290 ε
1202 2232 1232 2289 in
1247 2230 1299 2288 tali
1314 2229 1391 2288 enim
1405 2248 1437 2287 re
1457 2248 1510 2287 ncc
1529 2228 1667 2289 Nicolaus
1682 2231 1890 2304 Dastrasoenus,

287 2337 405 2397 quoque
429 2318 617 2377 inmanibus
642 2318 797 2393 habemus,
822 2321 918 2397 logica
943 2340 1061 2400 nempe,
1116 2339 1169 2378 nec
1179 2319 1320 2378 Adrastus
1330 2317 1501 2376 nominandi
1513 2319 1640 2395 sunm).
1651 2317 1836 2396 Unusigitur
1846 2342 1891 2379 re·

287 2404 426 2483 physice,
451 2404 662 2481 metaphysica,
680 2407 791 2479 ethica;
808 2427 880 2485 quas
898 2428 969 2468 vero
982 2425 1062 2467 c‘va·
1114 2420 1171 2465 stat
1184 2405 1462 2483 Ptolemaeus,cujus
1474 2409 1612 2463 incitentur
1626 2414 1656 2463 in
1667 2410 1736 2464 Irim
1749 2412 1791 2464 ad
1802 2414 1891 2483 Agel-

287 2491 339 2549 riis
352 2490 469 2568 scriptia
488 2492 702 2570 scriptorumve
717 2494 850 2573 partibus
875 2496 1058 2555 consarcina-
1116 2500 1164 2552 lim
1174 2494 1230 2574 (vel
1241 2498 1400 2569 Agalttam
1416 2493 1495 2571 quod
1510 2513 1628 2569 nomen,
1641 2493 1815 2573 ιιιγνωρίμου
1826 2497 1893 2555 Ari·

288 2580 332 2636 vit
358 2590 388 2636 et
413 2578 444 2635 in
466 2597 555 2637 eruum
579 2580 662 2656 quasi
684 2601 791 2661 corpus
811 2581 940 2642 redactas
968 2583 1062 2642 edidit
1113 2582 1266 2663 stephanis
1280 2582 1428 2658 Byzantii,
1441 2580 1472 2638 in
1494 2580 1586 2641 schol.
1602 2581 1702 2640 Venet.
1716 2585 1741 2639 A
1756 2584 1793 2641 ad
1807 2583 1893 2642 lliad.

288 2665 490 2740 Andronicus,
503 2667 556 2743 qui
576 2667 640 2726 sive
654 2669 767 2746 primus
780 2689 881 2729 eorum
898 2684 1007 2751 partem
1029 2672 1060 2730 in
1114 2694 1146 2741 σ,
1166 2681 1223 2749 490
1238 2669 1359 2746 legitur3
1373 2669 1411 2732 cf.
1430 2668 1559 2731 Eustath.
1584 2670 1619 2728 ad
1640 2670 1725 2732 lliad.
1752 2693 1780 2748 p.
1806 2674 1892 2743 1156,

289 2754 380 2812 lucem
395 2753 527 2832 protulit,
549 2754 693 2832 siquidem
718 2758 877 2817 notissima
899 2759 1061 2818 narrationi
1116 2760 1177 2835 38),
1192 2759 1223 2816 in
1234 2759 1329 2817 fronte
1342 2757 1452 2817 indicis
1463 2757 1732 2831 Dschemaluddini,
1748 2760 1827 2837 apud
1841 2761 1893 2818 Ca·

224 2832 229 2841 ’
287 2842 365 2921 apud
380 2840 549 2901 Strabonem
565 2841 646 2920 Xlll,
660 2865 691 2923 p.
703 2847 762 2923 6o9
779 2860 807 2905 et
826 2846 1014 2906 Plutarchum
1028 2849 1061 2907 in
1114 2847 1229 2918 sirium,
1243 2848 1274 2904 in
1289 2848 1426 2904 Bibliotd.
1440 2849 1521 2906 arob.
1537 2848 1624 2922 disp..
1638 2859 1659 2906 t.
1675 2846 1699 2920 l,
1711 2868 1740 2925 p.
1757 2848 1813 2918 304
1832 2850 1893 2907 lau·

286 2930 352 2989 Vita
362 2929 462 3008 Syllae,
475 2952 499 2990 c.
519 2933 568 3003 26,
587 2932 659 2993 lides
673 2932 869 3008 habendaest,
882 2937 946 2996 sive
959 2937 1060 3015 novis,
1114 2934 1211 2997 datur.
1226 2935 1355 2994 Eundem
1366 2933 1553 2995 Ptolemaeum
1565 2955 1631 2996 cum
1646 2935 1817 2996 Andronico
1825 2958 1894 2996 con·

289 3021 384 3098 iisque
397 3019 569 3079 melioribus
584 3022 800 3100 exemplaribus
819 3024 948 3098 otrllatis,
962 3045 1060 3084 emen·
1110 3022 1255 3100 junctum,
1276 3037 1376 3082 auctor
1387 3024 1454 3082 vitae
1466 3023 1631 3097 ltmcianae,
1644 3046 1673 3104 p.
1689 3026 1716 3084 8.
1731 3026 1779 3086 ed.
1794 3025 1895 3112 llobbe

287 3113 367 3171 davit
379 3125 408 3171 et
421 3133 497 3172 novo
509 3114 709 3174 tantummodo
723 3116 828 3175 ordine
842 3116 1000 3195 disposuit.
1113 3110 1231 3169 exhibet
1245 3131 1253 3171 ἓ
1272 3108 1327 3171 Ksl
1346 3112 1456 3191 τελευτᾷ
1467 3111 1553 3170 31⁸3ss
1561 3111 1688 3183 διαθήκην
1700 3112 1831 3192 ‘'sirm‘'
1845 3136 1894 3171 Μ·

327 3200 384 3259 Sed
400 3214 547 3278 utcunque
561 3202 879 3264 dehacobscurissima
892 3225 926 3264 ac
942 3206 1063 3266 minime
1114 3200 1246 3274 ταλιπὼν,
1266 3199 1285 3269 ἢ
1305 3199 1411 3279 φέρεται
1424 3199 1496 3278 πυροί
1508 3223 1536 3259 τι
1554 3199 1714 3280 Ἀνδρονίκῳ
1728 3200 1774 3260 καὶ
1792 3202 1894 3260 Πτολε·

287 3286 381 3345 adhuc
390 3288 537 3365 persoluta
550 3289 710 3366 quaestione
723 3291 905 3350 statuendum
919 3304 974 3368 est,
984 3293 1060 3353 illud

287 3386 364 3432 certe
382 3374 522 3434 correedas
536 3390 667 3454 oportet,
679 3376 767 3454 hujus
781 3381 817 3436 ab
832 3378 1002 3439 Andronico
1015 3382 1061 3439 in·

287 3462 394 3520 stitutae
411 3462 568 3523 divisionis
586 3484 622 3522 nc
648 3464 827 3539 levissimum
842 3467 962 3544 quidem
976 3470 1062 3528 vesti·

287 3549 366 3626 giurn
377 3550 407 3609 in
418 3551 558 3628 Diogenis
567 3550 676 3611 Laertii
688 3553 786 3613 indice
796 3554 1062 3632 inveniri,praeter·

288 3656 372 3713 qnam
398 3638 494 3716 quod,
518 3650 551 3697 ut
571 3637 634 3716 jam
655 3641 868 3718 supradictum
892 3655 951 3717 est,
976 3644 1009 3702 in
1028 3665 1064 3703 eo

287 3724 467 3784 desideratur
490 3726 577 3804 longe
602 3730 729 3787 maxima
750 3749 818 3808 pars
836 3731 954 3790 illorum
969 3733 1063 3792 libro·

288 3831 373 3884 rurn,
389 3833 463 3891 quos
474 3813 560 3873 hodie
575 3814 730 3890 habemus,
752 3838 885 3898 quosque
901 3819 981 3879 solos
1004 3821 1065 3881 lere

287 3899 430 3977 respicere
451 3901 545 3961 solent
557 3903 608 3980 qui
621 3917 688 3988 post
708 3907 909 3966 Andronicum
925 3909 1065 3968 vixerunt

288 3986 479 4064 peripateticae
504 3988 644 4049 doctrinae
672 4005 836 4059 sectatores.
862 3994 950 4053 Nulla
973 3997 1065 4073 igitur

288 4091 373 4130 causa
394 4088 438 4133 est
459 4095 512 4134 cur
534 4076 570 4135 de
592 4078 763 4150 Andronico
788 4082 967 4159 cogitemus,
987 4103 1064 4141 con·

289 4160 385 4218 trariae
398 4180 470 4220 vero
484 4164 578 4222 multae
590 4170 671 4238 suut',
686 4167 744 4226 nisi
758 4170 893 4229 tamensi
907 4171 975 4248 quis
994 4184 1065 4230 tan-

290 4261 349 4305 tum
369 4249 550 4309 erectoritatis
569 4252 678 4312 tribuat
692 4254 841 4315 Plutarchi
854 4256 965 4332 verbis,
983 4261 1065 4319 ailir·

289 4335 395 4394 mamis
424 4335 443 4396 l.
467 4336 487 4396 l.
517 4338 717 4399 Andronicum
751 4343 903 4424 ἀναγράψαι
935 4344 995 4413 τοὺς
1019 4350 1064 4404 νῦν

289 4420 445 4501 φερομένους
458 4422 586 4505 πίνακας,
603 4440 634 4485 ιιι
648 4427 704 4487 hoc
719 4449 779 4488 uno
794 4443 864 4491 teste
877 4446 907 4492 et
919 4453 1063 4513 sponsore

288 4528 405 4567 omnem
417 4514 647 4573 controversiam
658 4516 802 4576 sublatam
814 4526 940 4583 censeat.
954 4520 1062 4581 Verum

290 4597 333 4654 lac
354 4615 417 4656 esse
433 4599 548 4672 omnia,
574 4615 606 4660 ut
629 4603 681 4662 ille
695 4620 809 4680 narrat,
834 4609 955 4668 minime
969 4623 1063 4670 tamen

289 4685 357 4743 inde
381 4700 584 4764 consequetur,
608 4689 784 4768 Diogenem,
806 4699 858 4775 qui
874 4698 1018 4757 sexcentis
1032 4700 1062 4758 in

289 4772 361 4832 locis
373 4773 563 4856 Hermippum
575 4781 748 4856 nominavit,
762 4784 798 4844 de
813 4785 982 4844 Andronico
994 4806 1064 4845 vero

289 4860 374 4938 plane
384 4861 462 4941 silet,
473 4883 532 4923 non
541 4865 621 4927 illius
631 4889 749 4949 quoque
762 4874 908 4933 indicenti
920 4875 1061 4952 potuisse.

288 4948 379 5008 lllulto
391 4963 486 5010 autem
499 4954 601 5014 verius
617 4957 690 5017 illud
700 4974 782 5039 puto,
794 4962 995 5035 Plutarchum,
1008 4983 1062 5023 sno

288 5056 380 5110 more,
399 5039 496 5100 minus
509 5058 642 5105 accurate
656 5047 783 5108 locutum
797 5069 870 5123 esse,
883 5049 924 5109 ita
939 5064 972 5109 ut
984 5051 1061 5111 τίνα·

288 5145 331 5190 αις
342 5146 417 5203 quos
427 5141 514 5188 vocat
530 5131 603 5190 nihil
616 5134 696 5193 alind
710 5135 769 5195 siut
781 5157 866 5215 quam
880 5148 1061 5219 πραγματεῖαι

290 5214 462 5296 Porphyrii,
486 5218 641 5301 ipsumque
655 5224 854 5285 Andronicum
878 5226 989 5288 nullum
1010 5250 1062 5290 no·

1116 3285 1187 3365 μαδῳ
1202 3285 1269 3359 μιπδι
1290 3283 1363 3367 [τῶν]
1374 3287 1455 3346 πινοία
1470 3285 1528 3369 [ιον]
1544 3290 1596 3346 τῶν
1616 3289 1695 3349 αὐτοῦ
1715 3289 1894 3366 πυγγραμμά·

1115 3396 1179 3431 των.
1198 3374 1285 3443 Quod
1306 3375 1332 3434 si
1352 3375 1424 3435 lides
1447 3378 1508 3436 ulla
1533 3375 1665 3437 habenda
1690 3389 1766 3437 esset
1785 3377 1890 3436 Pavidi

1116 3462 1267 3533 Armenio,
1285 3464 1381 3523 omnis
1394 3464 1454 3541 jam
1477 3466 1513 3524 de
1528 3464 1584 3523 hoc
1607 3465 1764 3523 Ptolemaeo
1778 3463 1892 3524 sublata

1116 3551 1191 3607 foret
1201 3549 1345 3610 dubitatio
1356 3571 1364 3612 ι
1376 3551 1438 3611 hac
1449 3553 1526 3611 enim
1542 3552 1592 3611 ille
1611 3552 1642 3610 in
1657 3552 1778 3610 Aristot.
1795 3552 1890 3626 Categ.

1116 3658 1146 3715 p.
1169 3658 1219 3710 aa,
1240 3639 1276 3709 A,
1303 3659 1335 3697 11
1362 3660 1370 3697 ι
1448 3642 1500 3698 τῶν
1524 3640 1736 3721 Ἀριστοτελικῶν
1756 3663 1891 3718 συγγραμ·

1116 3723 1206 3801 peren
1221 3726 1325 3785 πολλῶν
1348 3725 1428 3787 ὄντων
1435 3773 1444 3802 ,
1466 3727 1559 3807 χιλίων
1579 3727 1623 3786 τὸν
1642 3725 1751 3805 ἀριθμὸν
1775 3728 1835 3806 (a),
1862 3727 1893 3793 ὥς

1116 3834 1182 3891 φησι
1207 3814 1404 3892 Πτολιμαῒοςὸ
1430 3815 1599 3895 Φιλάδελφος
1625 3814 1781 3897 ἀναγραφὴν
1808 3818 1891 3875 αὐτῶν

1116 3901 1294 3977 ποιησάμενος
1313 3902 1419 3962 καὶτὸν
1443 3904 1499 3982 βίον
1522 3907 1602 3964 αὐτοῦ
1623 3903 1668 3963 καὶ
1691 3903 1739 3975 τὴν
1763 3903 1889 3964 διάθεσιν.

1118 3986 1151 4045 ln
1167 3988 1214 4046 his
1232 3989 1375 4065 insignem
1397 3991 1487 4050 latere
1500 4011 1629 4051 errorem
1653 4011 1739 4050 nemo
1753 4004 1798 4051 est
1819 3993 1890 4069 quin

1117 4075 1226 4149 videat,
1248 4076 1291 4137 ila
1305 4090 1337 4136 ut
1348 4079 1412 4138 sive
1425 4080 1503 4138 inter
1518 4079 1586 4140 illos
1611 4080 1770 4159 scriptores
1786 4080 1893 4157 quibus

1117 4162 1280 4224 Ptolemais
1296 4184 1399 4224 nomen
1416 4166 1485 4239 suit,
1504 4167 1679 4246 quaerendus
1698 4168 1738 4226 sit
1754 4167 1802 4227 cui
1818 4167 1894 4226 hunc

1117 4250 1225 4310 librum
1252 4251 1426 4325 tribuamus,
1453 4256 1529 4328 sire,
1549 4256 1629 4335 quod
1651 4257 1743 4330 magis
1771 4256 1891 4314 sortasse

1117 4339 1280 4398 verisimile
1304 4343 1373 4413 erit,
1398 4340 1549 4402 Ptolemaei
1573 4363 1680 4402 nomen
1707 4343 1891 4422 Philadelphi

1118 4439 1196 4485 recte
1211 4446 1242 4485 se
1259 4425 1379 4499 habere,
1393 4429 1444 4486 sed
1468 4430 1541 4489 salso
1554 4430 1603 4490 hic
1617 4451 1672 4508 pro
1689 4431 1849 4510 Hermippo
1861 4433 1894 4490 il-

1117 4512 1205 4571 latum
1217 4511 1420 4589 conjiciamus,
1437 4517 1535 4594 quod,
1557 4520 1715 4595 quominus
1731 4518 1894 4596 probahili-

1117 4600 1184 4658 tatis
1206 4598 1352 4676 quandam
1380 4602 1507 4682 speciem
1532 4603 1654 4680 habeat,
1678 4605 1728 4663 vix
1754 4605 1892 4684 impediet

1119 4686 1221 4746 titulus
1247 4686 1329 4760 libri,
1354 4692 1406 4768 qui
1420 4690 1490 4750 huic
1508 4706 1662 4770 personato
1684 4694 1839 4753 Ptolemaeo
1854 4693 1890 4752 ah

1116 4774 1217 4832 eodem
1233 4774 1499 4836 Dschemaluddino
1514 4779 1654 4840 tribuitur
1669 4779 1726 4860 (cl.
1742 4779 1890 4840 Wenrich.

1142 4975 1213 5027 (stne
1228 4975 1271 5022 hae
1283 4976 1372 5022 meroe
1382 4988 1436 5033 que
1449 4987 1463 5022 e
1474 4977 1541 5024 mois
1556 4978 1674 5036 disputata
1687 4982 1744 5026 sont
1763 4981 1790 5026 tn
1811 4980 1893 5027 thro:

1115 5042 1162 5088 Die
1168 5046 1301 5092 υττιοντνιτπ
1310 5046 1463 5097 &distendet
1471 5047 1618 5094 Aristoteles.
1626 5049 1687 5106 hlps.
1698 5055 1762 5101 isso.
1771 5061 1795 5105 p.
1805 5055 1833 5096 ss
1841 5060 1892 5107 sqq.

1141 5116 1173 5169 lu}
1185 5115 1221 5162 et.
1233 5117 1341 5164 eunddb.
1353 5128 1376 5171 p.
1386 5123 1421 5168 at.
1432 5118 1460 5170 A,
1470 5124 1494 5162 ts
1505 5129 1510 5158 :
1521 5116 1568 5159 τῶν
1579 5111 1765 5176 Ἆριστοαιλιαῶν
1775 5130 1893 5177 αυγγραμ·

1115 5179 1196 5239 μάτων
1216 5181 1299 5244 χιλίων
1310 5181 1383 5229 ὄντων
1398 5179 1440 5229 τὸν
1456 5180 1561 5243 ἀριθμὸν,
1585 5185 1618 5239 ὡς
1631 5181 1773 5247 Ἀνδρόνικος
1791 5185 1887 5247 παραδὶ·

1115 5265 1196 5299 υωσιν.
