3959 5900
589 484 643 547 uu
661 448 984 546 nuhusonncnuu
1006 478 1220 542 uncrinus,
1665 488 1706 547 το

107 617 156 680 ll.
179 621 231 681 ΤΑ
259 621 311 683 lili
332 620 410 680 ΤΗΣ
430 619 642 680 nostrum
662 618 878 678 ntttttrtox

147 758 361 839 compendium
370 758 504 817 Platonis
515 756 660 816 librormn
671 755 709 815 de
719 754 880 836 Republica

107 861 240 908 reoeuset
255 848 345 924 Πίος.
360 846 395 905 Ι..
413 845 473 926 (αα)
487 844 521 905 τά
535 847 566 904 le
578 849 626 916 τῆς
641 844 782 918 Πολιτιίας
795 843 822 903 α’
836 844 877 922 β’,

105 935 162 996 uhi
175 955 193 995 e
204 935 377 1016 precedenti
392 934 479 995 titulo
492 931 526 993 τι
538 935 629 993 λιτῶν
643 933 743 1011 Νόμων
755 932 880 995 Πλάτω-

103 1046 148 1090 νος
163 1042 267 1083 nomen
282 1022 456 1101 philosophi
472 1020 669 1101 supplendum
680 1034 732 1081 est.
747 1020 879 1080 'situlum

104 1117 279 1189 Anonymus
294 1109 414 1180 omisit,
435 1108 544 1168 hahent
558 1127 627 1167 sero
648 1108 777 1167 uanum
798 1108 878 1167 indi-

103 1217 153 1258 ces
173 1200 397 1276 :Compendlum
417 1204 509 1274 ορενὶι
524 1200 666 1255 Platonici
683 1199 720 1254 de
732 1202 880 1275 Κερυνίας

102 1294 245 1344 civitatum
256 1290 321 1344 libri
335 1291 383 1358 ΙΙ,
399 1284 605 1345 Dsehemttlttd.
620 1285 701 1364 (15);
717 1287 783 1343 libri
796 1288 825 1340 V
841 1289 878 1343 de

102 1379 332 1434 administranda
352 1378 520 1452 Republica,
535 1381 673 1451 excerpsit
692 1374 734 1432 ibi
747 1395 809 1432 cum
827 1378 877 1432 de·

103 1466 177 1521 lectu
192 1466 279 1525 uerba
292 1467 427 1533 Platonis,
446 1462 573 1522 llndschi
589 1461 693 1523 Khtlsa
707 1461 745 1537 V,
758 1464 797 1520 60
811 1460 879 1520 ilii·

102 1553 160 1628 gel.
176 1551 211 1611 ln
233 1572 293 1631 quo
309 1552 396 1612 titulo
411 1551 490 1629 quod
507 1551 640 1630 quinque
653 1549 823 1610 indicantur
840 1550 878 1611 li·

103 1639 170 1713 bri,
188 1639 259 1699 inde
282 1641 403 1700 fortusse
427 1637 532 1699 iactum
555 1650 617 1712 est,
633 1639 713 1716 quod
733 1638 765 1701 in
788 1658 878 1697 unum

103 1729 257 1807 conjuncti
272 1740 342 1788 sunt
359 1741 420 1788 tres
433 1726 506 1787 libri
524 1726 701 1806 compendii
721 1731 831 1803 legum
851 1739 880 1786 et

102 1817 164 1876 duo
177 1816 375 1897 Reipublicae,
395 1815 445 1876 cui
459 1815 637 1894 conjectura
650 1815 723 1873 alter
734 1814 830 1873 lavere
842 1815 879 1873 ti·

104 1906 186 1965 tulus
209 1906 328 1966 ridetur
354 1905 407 1984 qui
425 1904 504 1983 apud
535 1903 661 1963 eundern
686 1916 878 1976 memoretur,

103 2011 135 2072 p.
161 2002 218 2063 tls
241 1996 428 2051 :Aristoteles
447 1996 485 2049 de
508 1995 659 2068 Voluptate
677 1994 742 2049 libri
760 1996 834 2064 duo,
850 1999 879 2049 in

101 2083 202 2158 quibus
220 2086 331 2158 potiora
343 2101 409 2156 quer
428 2083 512 2137 Plato
528 2085 559 2135 in
572 2082 677 2137 Politia
688 2082 816 2148 dixerat,
832 2101 878 2137 se·

103 2175 176 2228 lecta
189 2177 326 2230 oneravit.
343 2168 439 2228 Facile
450 2168 530 2228 enim
544 2169 722 2248 perspicitur
733 2188 751 2229 e
763 2167 880 2229 duobus

102 2256 231 2318 dirersis
245 2257 339 2317 titulis
352 2257 495 2317 coaluisse
513 2256 606 2327 hunc,
625 2277 716 2335 quum
732 2258 762 2316 in
782 2256 882 2318 indice

105 2346 431 2425 Dsohemnluddiniltli)
444 2343 560 2404 liberde
568 2349 714 2422 uoluptate
722 2344 819 2404 stetim
828 2344 880 2404 sd·

100 2434 236 2509 jicistur.
250 2436 324 2506 Qum
335 2436 367 2494 in
379 2434 576 2514 Theophrasti
590 2435 767 2515 scriptorum
782 2433 881 2495 tabule

102 2519 880 2602 είίστιιιτἘπιτομλτῆσΠλάτιινοςΠολιτείαςα’β’(Αιια·

103 2617 178 2670 lecta
196 2612 416 2690 Theophanen,
433 2634 462 2692 p.
475 2621 505 2683 l,
525 2614 560 2671 15
574 2612 685 2687 Usenl,
696 2630 766 2669 num
780 2610 881 2668 endem

104 2700 195 2759 inerit
209 2714 296 2779 atque
317 2700 501 2772 Aristotelis,
513 2700 593 2778 quod
611 2712 641 2757 et
654 2698 803 2757 Usenerus
823 2695 881 2756 sibi

103 2788 267 2866 persuasit,
291 2788 377 2866 cujus
403 2787 464 2847 haec
485 2799 555 2845 sunt
570 2786 661 2846 verbs
685 2786 704 2844 l.
721 2786 739 2843 l.
761 2805 790 2863 p.
812 2805 848 2862 ¹9
871 2805 879 2842 ι

102 2903 116 2929 ι
132 2875 300 2957 Epitomnm
319 2874 500 2955 lleipuhlicre
522 2872 680 2933 Platonicae
703 2871 819 2931 duobus
840 2872 881 2930 li-

92 2963 169 3055 hris
181 2963 421 3043 comprehensam
434 2982 500 3040 quae
511 2975 540 3022 et
553 2962 585 3022 in
595 2960 792 3041 Theophrasti
806 2962 880 3022 etin

105 3053 275 3113 Aristotelis
287 3052 407 3132 scriptis
419 3051 577 3122 terebatur,
595 3050 708 3128 majore
720 3063 799 3110 certe
813 3071 880 3109 cum

101 3141 171 3218 jure
193 3141 344 3201 Aristoteli
364 3160 452 3219 quam
468 3140 514 3199 illi
528 3138 658 3211 tribuis,
675 3139 734 3199 nisi
751 3138 790 3198 ah
808 3139 881 3198 sdo·

103 3229 263 3289 lesoenmlo
275 3230 307 3288 in
317 3229 506 3309 praeceptoris
515 3248 600 3287 usum
610 3227 803 3307 perscriptam
815 3245 879 3286 esse

104 3316 331 3390 existimaveris,
344 3315 524 3395 -dijudicsri
539 3316 593 3375 rix
606 3315 686 3388 licet,
702 3333 792 3393 quum
805 3327 834 3373 et
844 3314 882 3374 ah

104 3418 231 3482 utroque
244 3406 301 3465 tale
313 3404 519 3485 compendium
535 3403 641 3463 conlisi
655 3402 794 3482 potnerit.

448 3534 540 3616 rou

149 3668 274 3727 Procius
288 3671 319 3726 in
330 3667 407 3726 Plst.
424 3664 583 3746 hempnbl.
597 3685 627 3744 p.
642 3665 700 3724 350
710 3665 756 3724 ed.
768 3666 857 3725 Basil.
872 3683 880 3724 τ

103 3753 215 3834 Ἐτιροι
227 3753 257 3813 di
278 3756 327 3812 ούιι
341 3750 464 3820 ίλάττους
479 3752 578 3811 τούτοιν
591 3750 651 3811 ctat
667 3751 882 3831 ἀνεχιγγυύτιρα

101 3844 250 3925 γράροντις
263 3839 324 3919 περὶ
338 3840 472 3908 πολιτείας
493 3831 560 3899 εἶναι
577 3838 627 3911 τὴν
648 3838 770 3920 πρόθεσιν
791 3840 882 3908 ἀξιοῦ-

102 3954 167 4008 σιν,
184 3930 207 3988 εί
219 3928 401 4010 καὶπρότερον
413 3926 621 4006 ζήτημαγίγυνε
634 3928 694 4007 περὶ
704 3926 882 4004 δικαιοσύνης,

104 4022 157 4099 οὐχ
168 4020 205 4088 ὡς
218 4017 416 4098 προηγούμενον
427 4016 456 4078 δν
471 4018 529 4077 ἀλλ’
540 4019 575 4083 n<
589 4014 758 4096 εὐπρόσωπον
772 4018 810 4096 τῷ
823 4014 884 4095 πιρλ

104 4105 240 4176 πολιτιίας
253 4106 389 4183 σιιίμματι
401 4104 519 4185 παρέχον
531 4102 600 4165 ὀδόν.
619 4102 676 4165 Καὶ
689 4107 884 4184 μαρτυροῦνται

106 4196 154 4255 καὶ
167 4185 238 4254 ούτοι
250 4192 299 4267 τὴν
311 4192 460 4273 ἐπιγραφὴν
476 4191 656 4273 ἀρχαιοτάτην
667 4184 764 4252 οὖσαν·
776 4191 885 4272 καὶγὰρ

105 4284 135 4345 Ἀ
144 4295 173 4363 ρι
181 4281 344 4355 στοτίλης
354 4282 556 4361 ίπιτεμνόμινος
566 4281 615 4355 τὴν
627 4280 811 4361 πραγματείαν
822 4280 885 4340 ταύ·

109 4396 160 4445 την
172 4371 270 4432 ούτωσί
283 4395 361 4453 φησιν
380 4398 393 4423 ι
409 4372 592 4447 ίπιτάμνεσθαι
603 4369 651 4442 τὴν
664 4368 818 4432 Πολιτείαν.
833 4397 845 4424 ν

143 4514 176 4576 V.
199 4515 251 4575 Τλ
277 4514 328 4574 Eli
349 4514 426 4574 ΤΟΥ
445 4515 609 4574 truslot
630 4512 851 4574 ΠΛΑΤΩΝΟΣ.

147 4658 192 4716 lle
211 4655 386 4735 compendio
400 4656 500 4714 Timaei
516 4655 661 4714 Platonici
676 4654 714 4714 ah
727 4655 884 4716 Aristotele

108 4748 201 4818 lacto,
217 4745 259 4804 ita
270 4744 440 4824 Simplicius
458 4745 490 4803 in
505 4745 592 4803 Arist.
603 4745 639 4803 de
651 4743 746 4815 Caelo,
762 4764 792 4821 p.
808 4751 846 4819 lp
857 4765 883 4816 1,

934 615 968 691 B,
982 615 1020 674 35
1036 635 1045 672 t
1062 612 1118 673 Καὶ
1128 612 1237 672 πάντων
1246 602 1325 690 ,οἶμαι
1337 613 1438 688 μαλλον
1450 617 1465 673 l
1476 612 1707 695 ’λριστστίλης

933 702 982 774 τήν
996 704 1024 761 ἔν
1042 700 1153 782 Τιμαίῳ
1174 698 1236 779 περί
1252 700 1353 758 τούτων
1375 705 1421 760 τοῦ
1436 701 1582 771 Πλάτωνος
1597 702 1707 782 γνώμην

932 790 1079 860 ἠπίστατο,
1092 786 1121 855 ὃς
1138 787 1184 846 καὶ
1211 785 1321 869 σύνοψιν
1338 784 1356 858 ἢ
1380 786 1509 866 ίπιτομήν
1522 794 1569 849 τού·
1583 791 1702 868 Τιμαίου

933 877 1045 956 γράρειν
1072 877 1120 934 οὗιι
1140 873 1296 945 άπηίίωαεν.
1314 875 1359 934 hd
1383 874 1462 936 huuc
1480 877 1572 954 igitur
1597 879 1707 939 librum

934 976 1044 1043 spectet
1063 963 1165 1022 titulus
1180 983 1189 1021 τ
1208 961 1252 1022 Th
1262 964 1292 1021 ία
1303 967 1349 1021 τοῦ
1364 962 1481 1042 Τιμαίου
1490 964 1537 1023 καί
1548 964 1706 1047 τῶνἎρχυ-

933 1051 1009 1110 τείων
1025 1051 1104 1131 apud
1119 1051 1205 1126 Diog.
1228 1042 1325 1109 [tert.
1341 1047 1414 1128 (94),
1427 1050 1459 1108 itt
1471 1055 1517 1109 τοῦ
1531 1052 1648 1130 Τιμαίου
1660 1053 1706 1113 καί

933 1137 1060 1220 Ἀρχύτου
1073 1137 1098 1197 α’
1111 1138 1190 1218 spud
1204 1141 1299 1197 dnon.
1316 1139 1377 1217 (76)
1392 1160 1399 1195 ε
1415 1137 1552 1198 diversus
1560 1159 1632 1200 vero
1645 1155 1705 1217 est,

933 1248 1019 1306 quem
1035 1239 1165 1286 recenset
1176 1225 1303 1285 llndsclri
1318 1226 1423 1285 lihnlls
1433 1225 1494 1307 (τύ)
1511 1248 1519 1285 :
1536 1231 1657 1287 Timoeus
1668 1233 1706 1289 de

931 1324 1049 1374 scientia
1061 1323 1176 1391 ningr'ca
1186 1318 1227 1371 ad
1234 1318 1345 1372 modum
1358 1318 1526 1374 Groeco'rum.

1105 1439 1154 1502 vt.
1185 1444 1284 1509 nutu
1314 1430 1530 1512 risit-ror.

973 1580 1008 1639 ln
1028 1579 1071 1639 iis-
1084 1598 1150 1655 quie
1171 1578 1209 1636 de
1231 1578 1354 1637 Plutone
1368 1578 1509 1653 tradidit,
1521 1581 1705 1640 Aristotelem

935 1688 994 1728 uon
1018 1666 1112 1725 solum
1147 1665 1355 1744 superstitibus
1382 1667 1551 1746 philosophi
1579 1668 1705 1748 dialogis

934 1774 1019 1813 usum
1033 1770 1107 1822 esse,
1135 1764 1240 1831 praeter
1257 1771 1293 1811 ec
1305 1773 1372 1830 quse
1385 1755 1417 1814 in
1430 1754 1612 1834 Topicorum
1628 1756 1706 1817 lihro

934 1853 1028 1910 sexto,
1049 1859 1075 1900 o.
1102 1860 1119 1897 α
1136 1841 1154 1917 §
1169 1840 1186 1898 5
1206 1839 1344 1916 leguntur
1370 1861 1377 1898 τ
1399 1838 1462 1900 Ἔτι
1484 1842 1507 1900 τί
1528 1840 1566 1918 μὴ
1580 1840 1708 1917 καμίνοις

935 1925 1045 2003 ὀνόμασι
1056 1929 1172 2008 χρῆται,
1186 1916 1239 1986 οίον
1252 1927 1368 1989 Πλάτων
1384 1926 1539 2009 ύρρυύσιιιον
1550 1928 1595 1990 she
1606 1931 1706 2011 ὀφθαλ-

935 2016 1001 2092 μόν,
1016 2014 1035 2087 ἢ
1050 2015 1081 2074 τὸ
1095 2014 1241 2096 φαλάγγιον
1254 2014 1414 2095 σηψιθαιιύς,
1425 2014 1444 2087 ἢ
1455 2016 1500 2076 τὸν
1511 2018 1607 2093 μυελὸν
1619 2019 1707 2078 ύστιο·

936 2104 1021 2183 γενίς·
1033 2104 1149 2185 τίν’γάρ
1162 2103 1261 2186 άσαρίς
1277 2104 1309 2164 rh
1320 2102 1358 2180 μὴ
1375 2103 1482 2183 ιίωθύς,
1496 2107 1647 2166 manifeste
1660 2108 1707 2167 de·

936 2194 1046 2253 clarent
1064 2195 1117 2272 qui
1141 2207 1304 2271 sequuntur
1317 2193 1396 2266 loci,
1421 2195 1458 2254 de
1481 2195 1583 2255 Anima
1603 2195 1628 2270 l,
1647 2216 1706 2258 c.s

935 2282 953 2358 §
970 2303 986 2354 7
1004 2304 1010 2339 :
1025 2280 1140 2342 Πλαύτιον
1151 2281 1179 2339 is
1195 2282 1234 2361 τῷ
1252 2278 1361 2359 Τιμαίῳ
1378 2281 1422 2361 (ρ.
1438 2282 1486 2357 35,
1503 2283 1544 2359 A)
1558 2279 1606 2352 τὴν
1620 2282 1708 2363 ψυχὴν

936 2368 968 2427 ίιι
980 2371 1033 2426 τῶν
1046 2367 1184 2448 στοιχείων
1196 2375 1315 2430 πρωὶ...
1332 2367 1430 2444 ὁμοίως
1441 2368 1468 2428 δὲ
1484 2369 1530 2428 καί
1544 2371 1571 2428 ίν
1584 2379 1638 2436 τοῖς
1649 2371 1720 2450 περὶ·

937 2454 1247 2537 ριλοσορίαςλεγομάνυις
1261 2455 1364 2535 (λύγοις
1378 2456 1443 2515 cod.
1457 2456 1482 2512 V
1502 2469 1532 2516 et
1547 2457 1594 2517 ed.
1607 2456 1710 2517 Camo-

938 2545 1030 2620 tiana)
1050 2543 1192 2624 διωρίσθη,
1209 2544 1272 2603 sith
1294 2543 1343 2622 plu
1363 2543 1393 2603 τὸ
1421 2547 1486 2624 ζῷον
1509 2543 1537 2613 ἕξ
1559 2547 1640 2616 αὐτῆς
1663 2550 1711 2619 τῆς

937 2635 983 2690 τοῦ
1002 2630 1056 2698 tel<
1076 2629 1146 2698 ἰδίας
1163 2629 1270 2690 καὶτοῦ
1291 2628 1396 2711 πρύιτου
1411 2631 1510 2707 μήκους
1523 2633 1569 2690 καὶ
1595 2631 1711 2701 πλούτους

936 2718 983 2777 καὶ
1007 2717 1120 2799 βάθους,
1141 2717 1174 2778 τά
1193 2719 1217 2778 δ’
1240 2718 1308 2777 άλλα
1327 2718 1514 2800 ὁμοιοτρόπως.
1533 2716 1598 2780 Ἔτι
1616 2718 1645 2779 dl
1665 2721 1710 2780 καὶ

938 2811 1040 2884 άλλως,
1052 2817 1110 2872 νοῦν
1125 2810 1173 2889 μλν
1186 2810 1217 2870 τὸ
1235 2811 1277 2885 ἓν,
1291 2810 1442 2887 ίπιστίμην
1452 2810 1479 2870 δὲ
1501 2811 1536 2870 τά
1548 2810 1607 2872 δύο·
1626 2834 1711 2890 μονοι-

937 2900 992 2979 χῶς
1005 2897 1057 2979 γάρ
1073 2901 1113 2978 ίρ’
1124 2898 1168 2959 ίν·
1180 2897 1225 2959 xlv
1240 2897 1267 2959 δὲ
1283 2906 1329 2960 τοῦ
1349 2898 1472 2959 ίπιπίθου
1486 2900 1595 2981 ἀριθμὸν
1617 2899 1710 2974 δόξαν,

935 2985 1056 3058 ιιίοθησιν
1085 2988 1113 3048 hl
1143 2987 1187 3046 τὸν
1216 2992 1262 3048 τοῦ
1287 2989 1392 3067 στερεοῦ
1400 3034 1409 3061 ,
1441 2989 1602 3067 praesertim
1637 3008 1710 3049 vero

935 3074 1129 3153 physicorum
1146 3074 1211 3134 ll:
1235 3075 1283 3137 Διθ
1303 3077 1348 3135 καί
1368 3073 1482 3135 Πλούτων
1506 3074 1555 3145 τὴν
1576 3074 1641 3149 ὕλην
1664 3077 1711 3136 καί

935 3161 983 3234 τὴν
995 3162 1085 3244 χώραν
1100 3163 1180 3224 ταθτύ
1189 3187 1267 3245 φησιν
1279 3153 1347 3222 είναι
1365 3164 1392 3222 ίν
1412 3166 1451 3244 τῷ
1465 3162 1575 3245 Τιμαίῳ
1587 3166 1595 3242 ί
1605 3185 1634 3244 p.
1653 3165 1709 3237 52,

937 3253 994 3334 Al·
1007 3251 1037 3312 rh
1052 3250 1103 3332 γάρ
1124 3250 1319 3330 μεταληπτικὸν
1331 3250 1377 3310 καί
1388 3249 1436 3323 τὴν
1446 3251 1537 3332 χώραν
1554 3251 1581 3310 ἓν
1595 3253 1642 3311 καὶ
1653 3254 1714 3313 sui·

937 3339 996 3399 τόν·
1010 3338 1090 3398 άλλον
1109 3337 1137 3398 dl
1155 3338 1250 3420 τρόπον
1265 3342 1320 3400 ἐκεῖ
1333 3363 1363 3400 τι
1373 3338 1458 3419 λάγων
1472 3338 1502 3399 τὸ
1518 3340 1714 3417 μιταληπτυιὸν

936 3428 982 3488 καὶ
997 3430 1023 3487 ἒν
1044 3436 1098 3495 τοῖς
1111 3428 1260 3507 λιγομίνοις
1274 3426 1399 3510 άγράροις
1416 3428 1562 3508 δόγμασιν,
1578 3426 1650 3505 ὅμως
1669 3427 1713 3487 τὸν

936 3516 1016 3575 τύπον
1036 3516 1082 3577 καί
1105 3515 1152 3589 τὴν
1173 3515 1264 3597 χώραν
1281 3517 1312 3577 τὸ
1336 3517 1399 3577 αὐτὸ
1415 3516 1576 3597 άπιρήνατυ.
1593 3516 1713 3574 Tertius

937 3619 1077 3683 preterea
1096 3605 1182 3664 locus
1195 3619 1239 3664 est
1253 3608 1332 3684 apud
1346 3605 1530 3665 Aristotelem
1550 3605 1587 3662 de
1601 3603 1710 3662 Gener.
1728 3653 1731 3660 .

936 3706 966 3751 et
979 3693 1116 3771 Corrupt.
1131 3692 1173 3764 ll,
1188 3694 1204 3750 3
1226 3716 1234 3751 τ
1248 3691 1390 3761 Ὡσαύτως
1404 3691 1432 3752 dl
1446 3692 1490 3752 καί
1508 3694 1532 3751 ol
1545 3691 1606 3770 τρία
1620 3690 1712 3766 λέγον·

936 3800 978 3845 τες
994 3780 1120 3859 (στοιχεῖα
1132 3780 1195 3840 scil.
1207 3782 1215 3854 )
1229 3780 1348 3859 καθάπερ
1365 3779 1479 3840 Πλάτων
1491 3780 1517 3836 ἐν
1529 3788 1588 3844 ταῖς
1601 3776 1713 3857 Διατρί-

938 3888 1023 3928 σισιν·
1034 3866 1064 3924 τθ
1079 3866 1132 3946 γλρ
1144 3865 1224 3943 μίσον
1238 3865 1325 3944 μίγμα
1341 3873 1429 3941 ποιεῖ,
1440 3884 1525 3943 quem
1535 3910 1545 3944 ,
1555 3877 1614 3924 ute
1626 3863 1715 3924 Joan·

938 3956 986 4014 nis
1000 3953 1157 4033 Philopcni
1173 3954 1383 4012 commentario
1398 3953 1436 4011 nd
1451 3952 1481 4012 h.
1499 3951 1521 4013 l.
1543 3952 1595 4012 iol.
1619 3952 1674 4028 50,
1690 3953 1712 4011 B

938 4042 1100 4101 discimus:
1116 4039 1286 4101 ’λποδειιτίον
1302 4029 1347 4098 ciis
1370 4041 1470 4117 μᾶλλον
1482 4038 1547 4118 ὅπερ
1566 4039 1713 4099 τελευταῖον

939 4129 1108 4208 προστίθησιν
1123 4126 1313 4207 θ’λλάξανδρυς
1327 4126 1435 4206 ράσιιων
1447 4126 1508 4207 περί
1521 4129 1573 4185 τῶν
1586 4125 1711 4207 άγράροιν

940 4217 1079 4295 δογμάτων
1100 4220 1147 4276 τοῦ
1170 4214 1314 4283 Πλάτωνος
1343 4213 1428 4292 λίγειν
1442 4215 1486 4273 τὀν
1509 4214 1711 4293 Ἀριστοτελην,

939 4303 1008 4384 άπερ
1022 4304 1099 4371 αὐτὸς
1111 4301 1292 4385 ’λριστστίλης
1310 4301 1492 4383 άπιγράριτο,
1508 4304 1553 4361 καὶ
1563 4307 1645 4361 ταῦτα
1662 4323 1713 4361 εα-

938 4394 992 4452 λτῖν
1006 4392 1161 4473 Διαιρέσεις.
1178 4390 1226 4452 Ἔν
1239 4390 1345 4458 irrisore
1354 4389 1439 4450 τοίνυν
1451 4393 1465 4448 h
1475 4390 1589 4451 Πλάτων
1604 4389 1634 4448 τὸ
1645 4385 1714 4467 μίγα

938 4480 983 4539 καί
997 4478 1088 4561 μικρὸν
1100 4480 1145 4539 καὶ
1158 4478 1189 4538 τθ
1199 4476 1298 4558 μεταξύ
1307 4477 1407 4539 τούτων
1418 4477 1576 4552 ὑποτίθεται,
1589 4479 1714 4537 Alexan·

939 4568 991 4627 der
1004 4567 1171 4647 conjectura
1184 4567 1221 4627 nd
1231 4566 1325 4628 libros
1338 4567 1375 4627 de
1388 4570 1469 4626 Bono
1483 4567 1635 4641 retulerat,
1649 4586 1715 4644 quse

939 4668 1036 4714 tamen
1050 4676 1096 4717 res
1111 4655 1267 4715 ohscurior
1280 4669 1324 4715 est
1338 4674 1424 4734 quam
1436 4668 1468 4714 ut
1478 4654 1636 4733 dijudicari
1648 4673 1716 4734 pos·

939 4745 987 4804 sit.
1006 4744 1083 4814 Quid
1101 4763 1172 4803 vero
1183 4745 1243 4803 sint
1255 4764 1319 4822 quae
1345 4741 1407 4802 illic
1417 4743 1477 4822 περὶ
1489 4743 1655 4824 ριλοσορίας,
1668 4739 1717 4800 hle

759 4904 820 4980 llll
848 4904 1069 4982 PLATONE.

511 5081 516 5092 ⁸
598 5087 640 5135 lv·
657 5085 820 5135 excerpts
839 5086 859 5133 E
878 5085 1028 5135 thouis
1043 5085 1228 5134 teruntios.

138 5224 281 5278 Aristotcles
294 5238 369 5291 quum
393 5222 599 5290 recompendium
616 5223 733 5288 redigeret
753 5221 860 5275 Platonis
876 5222 1055 5287 rempublicam
1067 5222 1125 5276 dicit
1140 5224 1174 5275 its
1184 5240 1223 5275 ιι
1240 5224 1268 5276 ln
1287 5221 1455 5288 compendium
1470 5233 1498 5273 se
1515 5217 1634 5282 redemere
1643 5218 1716 5269 Ruu-

109 5314 237 5378 murum.
254 5332 267 5358 ι
