3959 5900
304 474 346 532 5⁰
858 471 1108 534 ARISTOTELIS
1129 470 1378 534 FRAGMENTA.

299 606 492 677 plenissimam
513 623 569 659 non
586 609 695 677 opinati
716 616 782 659 sunt
797 610 854 659 nisi
866 607 959 663 diuino
972 609 1085 679 judicio
1108 631 1110 634 ’

301 695 462 766 contigisse,
485 689 632 747 tribuentes
648 697 742 766 utique
749 697 890 763 justitium
898 696 1049 764 conditori,
1066 715 1085 749 a

249 777 255 784 ’
301 799 354 854 que
378 775 480 850 faetus
509 792 551 835 est
574 793 605 836 et
630 781 845 836 administratur
879 780 923 836 irie
955 785 1083 838 mundos.

302 870 414 939 Quanto
425 888 491 945 ergo
502 880 529 923 te
546 871 647 923 melius
661 872 830 942 veritatique
845 874 966 925 vicinius
983 872 1020 925 de
1035 871 1085 925 iso·

303 957 408 1008 minum
428 960 607 1030 generatione
619 968 774 1023 senserunt,
797 974 864 1030 quos
880 956 977 1013 Cicero
989 961 1018 1012 in
1032 977 1085 1012 ee·

301 1048 396 1097 trornis
401 1041 533 1117 portibus
545 1046 683 1101 Hortensii
701 1044 815 1118 dialogi
822 1046 902 1100 υεὶυι
913 1050 978 1120 ipsa
993 1065 1084 1100 rerum

303 1133 441 1186 evidentia
451 1137 548 1186 (tuetur
558 1134 770 1207 compulsusque
782 1146 990 1189 commemorat.
1008 1137 1039 1191 N
1037 1154 1084 1189 uns

301 1236 384 1290 quum
397 1220 487 1273 multu
498 1238 563 1293 quoe
572 1222 697 1275 ridemus
710 1232 740 1275 et
747 1223 930 1294 gemimusde
942 1221 1083 1277 dominum

304 1311 431 1360 uanitate
452 1319 537 1382 utque
548 1304 696 1378 felicitate
715 1309 842 1377 dixisset,
861 1328 899 1364 ee
916 1308 1017 1384 quibus
1029 1310 1082 1368 Ιιιι·

300 1413 406 1459 ιιιαιιατ,
432 1399 536 1469 inquit,
557 1401 630 1451 uitoe
652 1397 788 1452 erroribus
800 1402 970 1453 etoerumnis
981 1400 1039 1471 fit,
1055 1413 1086 1454 ut

300 1483 438 1537 interdum
451 1494 561 1538 veteres
575 1485 772 1540 illisiuevates
783 1489 878 1540 sivein
889 1491 975 1541 saeris
988 1492 1083 1542 initiis·

301 1589 354 1643 que
366 1571 512 1625 tradendis
529 1573 634 1627 dioinoe
652 1577 752 1628 mentis
765 1579 946 1648 interpretes,
965 1580 1014 1649 qui
1032 1595 1082 1631 nos

298 1655 334 1713 ob
344 1660 441 1733 aliqua
453 1662 561 1715 scelera
577 1674 705 1735 suscepto
718 1666 748 1716 in
763 1668 825 1717 nito
833 1668 972 1736 superiore
978 1686 1082 1740 prenn-

299 1768 359 1803 rum
376 1748 540 1805 luendarum
552 1769 639 1806 eausa
653 1763 735 1806 reatos
745 1770 804 1806 esse
815 1754 961 1822 dixerunt,
977 1756 1085 1828 aliquid

299 1840 404 1893 uidisse
418 1841 568 1893 uideantur
579 1844 774 1914 verumquesit
786 1838 859 1894 iliud
869 1842 944 1914 quod
957 1854 1000 1896 est
1007 1846 1086 1917 apud

301 1931 385 1981 Aris
394 1929 537 1983 totelenr
550 1968 560 1995 ,
581 1930 666 1983 simili
679 1948 730 1983 nos
739 1925 861 2000 affectos
873 1948 932 1985 esse
949 1933 1084 2005 supplicio

300 2027 383 2089 utque
399 2034 445 2070 eos
459 2020 507 2089 qui
515 2017 666 2089 quondam,
680 2035 764 2094 quum
778 2021 807 2071 in
823 2019 990 2091 proedonum
1002 2019 1082 2075 Etru·

299 2123 406 2158 seomm
421 2120 521 2158 manus
539 2105 686 2160 incidissen
692 2117 713 2174 t,
735 2105 899 2162 crudelitate
917 2112 1083 2182 excogitato

302 2191 484 2259 necabantur,
510 2211 624 2265 quorum
645 2211 764 2267 corpora
781 2197 848 2248 uiua
868 2213 930 2250 eum
949 2202 1074 2263 mortuis,

301 2281 421 2334 aduersa
442 2280 565 2334 adverso
589 2282 801 2336 accommodato
828 2300 913 2355 quum
941 2289 1084 2357 aptissime

301 2365 527 2440 colligabuntur3
543 2371 582 2421 sic
602 2379 709 2424 nostros
727 2372 908 2423 unimoscum
927 2371 1084 2443 corporibus

300 2454 459 2527 copulatus,
471 2467 501 2510 ut
513 2460 589 2510 uiuos
601 2475 664 2510 com
676 2460 788 2512 mortuis
801 2474 860 2511 esse
870 2462 1040 2528 conjunctos.

342 2539 409 2596 llaec
433 2537 469 2596 ud
492 2529 640 2616 dialogum
664 2539 823 2599 Eudemum
838 2541 986 2619 pertinere
1008 2542 1083 2602 vidit

301 2626 464 2696 Krischius,
473 2630 679 2706 Forscirungem
690 2629 752 2703 auf
754 2633 818 2686 dem
828 2628 939 2687 Gebiete
948 2634 1001 2688 der
1006 2635 1083 2689 alten

301 2717 487 2792 Philosophie,
496 2738 530 2795 p.
544 2738 591 2790 17,
606 2719 714 2778 rectius
724 2738 810 2796 quam
820 2720 856 2779 0.
866 2717 1019 2798 Mulieres,
1032 2718 1084 2797 qui

304 2804 335 2861 in
353 2803 432 2863 libro
444 2808 491 2863 die
504 2806 650 2877 Etruslrr,
667 2819 686 2864 t.
699 2806 726 2883 l,
738 2826 770 2885 p.
783 2807 851 2880 368,
867 2804 919 2866 ubi
935 2807 971 2866 de
989 2826 1082 2880 ruore,

302 2912 389 2970 quem
405 2894 575 2956 Aristoteles
594 2896 744 2973 tetigerat,
768 2895 909 2976 loquitur,
923 2896 960 2956 ad
974 2898 1083 2978 Τυρρη-

299 2987 350 3041 νῶν
362 2983 473 3062 Νόμιμοι
488 2984 633 3044 retulerat.

620 3138 648 3189 τ·
666 3117 752 3197 (τε)

341 3250 487 3309 Plutarch.
504 3249 621 3309 Consul.
632 3250 668 3309 ad
679 3252 834 3331 Apellen„
851 3274 878 3312 o.
895 3272 931 3324 ²7
947 3274 954 3308 ι
971 3252 1084 3317 Πολλοῖς

299 3335 350 3414 γάρ
365 3337 409 3395 καί
430 3344 519 3420 σοροῖς
533 3336 673 3415 ἀνδράσιν,
689 3338 727 3406 ὥς
753 3361 820 3415 φησι
835 3338 976 3420 Κράντωρ,
992 3341 1022 3398 οὗ
1037 3344 1082 3397 νῦν

302 3424 372 3483 ἀλλὰ
389 3425 475 3483 πάλαι
492 3425 653 3485 κέκλαυσται
669 3423 838 3507 τάνθρόίιτινα
852 3427 982 3506 τιμωρίαν
996 3432 1081 3504 ἡγου-

301 3511 387 3585 μίνοις
401 3501 468 3570 εἶναι
482 3512 527 3572 τὸν
542 3512 599 3593 βίον
609 3513 655 3573 καὶ
669 3512 755 3595 άρχὴν
767 3512 798 3573 τὸ
811 3515 931 3593 γενέσθαι
944 3512 1081 3593 ἄνθρωπον

298 3600 435 3681 συμρσρδιν
449 3599 498 3675 τὴν
511 3601 647 3679 μεγίστην.
668 3605 755 3663 Τοῦτο
768 3601 814 3679 δί,
829 3602 909 3684 φησίν
921 3601 1082 3682 Ἀριστο-

297 3689 379 3759 τέλη
388 3712 409 3762 ς,
422 3688 467 3749 καί
482 3688 526 3749 τδν
545 3689 670 3762 Σειληνὸν
683 3691 863 3770 συλληρθίντα
875 3694 913 3771 τῷ
927 3689 1001 3772 Μίδα
1015 3693 1081 3749 ἀπο-

298 3775 437 3855 φήνασθαι.
452 3777 559 3838 Βίλτιον
581 3777 604 3836 δ’
619 3776 699 3845 αιἰτδις
717 3777 765 3845 τάς
779 3783 824 3838 τοῦ
844 3779 985 3860 φιλοσόφου
999 3778 1082 3845 λίξεις

301 3902 1457 3968 -r--------

677 3975 700 4021 t.

329 4058 488 4118 stultiorem,
509 4062 537 4109 ut
555 4059 590 4110 rit
603 4061 715 4116 crantor.
732 4058 796 4122 iique
814 4058 936 4122 sepientes
950 4059 1009 4120 sisi,
1031 4072 1079 4109 uon

298 4159 362 4196 nune
378 4147 495 4210 primum,
515 4147 558 4198 red
579 4148 672 4212 pridem
688 4147 875 4212 deploraverunt
891 4162 931 4199 res
945 4148 1077 4210 θοοιειιεε,

298 4233 442 4295 supplicium
459 4235 592 4295 iudicantes
607 4236 682 4296 ritum
695 4235 757 4285 issue
768 4249 835 4297 esre,
854 4238 879 4287 et
896 4249 1000 4286 summu
1012 4237 1076 4286 caia·

299 4319 391 4370 miletis
409 4322 463 4372 loce
479 4321 610 4385 duronius,
622 4324 688 4373 nasei
703 4317 834 4375 homiuem.
851 4326 903 4374 lloe
918 4324 998 4388 iprum
1020 4325 1075 4374 ttri-

298 4405 396 4455 stoteleu
406 4407 449 4468 alt,
460 4407 566 4458 Silenum
574 4443 583 4470 ,
592 4422 667 4472 quum
678 4408 787 4472 captivus
801 4409 831 4458 ud
842 4410 932 4461 Midum
946 4412 1078 4462 seducere·

297 4493 346 4552 tur,
357 4494 532 4555 pronuntiasse.
542 4495 617 4557 Cuius
627 4497 680 4546 haee
688 4499 746 4547 suut
757 4501 868 4559 (prestet
877 4498 941 4549 enim
957 4498 1009 4563 ipsu
1021 4499 1076 4563 phi·

298 4579 391 4643 lostiplri
402 4582 475 4633 verbu
485 4589 619 4647 apponere)
635 4585 659 4634 in
669 4583 793 4648 Eudemo,
808 4586 859 4637 sire
876 4588 937 4638 libro
949 4589 986 4639 De
996 4587 1076 4638 auimo

297 4664 413 4731 inscripto
427 4685 435 4718 ι

332 4755 507 4818 Quamobrem,
526 4757 617 4821 iuquit,
635 4760 834 4822 prudentissime
850 4761 959 4820 omnium
979 4764 1004 4811 et
1022 4760 1076 4810 beu-

297 4844 404 4905 tissime,
425 4856 480 4894 enm
506 4844 587 4896 ielioeo
602 4859 729 4898 moremus
748 4851 773 4899 et
791 4847 888 4913 hortm,
902 4851 943 4913 qui
962 4849 1013 4898 vitu
1029 4849 1075 4898 hue

298 4932 405 4983 deiuuoti
419 4934 488 4992 sunt,
500 4935 553 4984 ium
571 4934 638 4985 nefus
650 4938 762 4998 putemus
780 4937 908 5000 quiequam
926 4935 957 4987 de
972 4936 1002 4986 iis
1015 4936 1074 4987 iulso

300 5023 342 5072 eut
371 5020 542 5070 contumeliose
572 5021 653 5074 dicere
678 5043 685 5075 ι
714 5024 802 5088 quippe
823 5024 865 5088 qui
889 5024 997 5074 melioris
1023 5025 1072 5086 ism

201 5129 205 5137 ·
299 5109 518 5174 praeteriensque
530 5113 625 5160 natusne
638 5112 693 5164 sueti
711 5113 761 5164 siut
775 5116 906 5178 compotes.
926 5115 1005 5176 Atque
1016 5113 1070 5164 hmo

1137 603 1311 682 παραθέσθαι.
1323 603 1399 676 Φησὶ
1419 604 1443 663 δ’
1457 605 1484 663 ίν
1498 608 1536 684 τῷ
1550 603 1668 686 Εθδήμῳ
1685 606 1911 689 ίπιγραρσμίνῳῆ

1137 691 1199 772 περλ
1210 694 1298 772 ψυχῆς
1309 692 1396 751 ταυτί·

1180 806 1192 832 ι
1206 779 1315 858 Διόπερ,
1331 770 1353 840 ὦ
1365 780 1487 859 κράτιστε
1501 781 1611 839 πάντων
1623 781 1669 840 καλ
1684 783 1907 862 μακαριστότατε,

1144 866 1190 926 καλ
1212 867 1275 947 πρὸς
1289 870 1327 947 τῷ
1350 867 1496 947 μακαρίους
1514 869 1559 927 καὶ
1582 868 1741 945 εὐδαίμονας
1765 861 1836 929 εἶναι
1859 874 1912 940 τοὺς

1140 956 1358 1027 τετελευτηκότας
1371 958 1509 1034 νομίζομεν
1532 958 1579 1016 καί
1597 957 1628 1017 τὸ
1640 956 1789 1039 ψεύσασθαί
1811 983 1840 1019 τι
1859 964 1913 1021 κατ’

1140 1045 1285 1104 αὐτῶνκαὶ
1308 1045 1339 1103 τὸ
1355 1046 1522 1126 βλασρημιῑν
1536 1047 1587 1125 οὐχ
1605 1044 1692 1120 ὅσιον,
1705 1050 1742 1114 ὡς
1763 1046 1836 1106 κατά
1858 1052 1910 1126 βιλ·

1139 1132 1231 1193 τιόνων
1253 1132 1388 1213 ἡγούμεθα
1423 1133 1469 1194 καί
1497 1133 1652 1213 κρειττόνων
1677 1134 1729 1207 ἤδη
1760 1137 1909 1215 γεγονότων·

1139 1219 1187 1278 καλ
1199 1225 1274 1279 ταῦθ’
1290 1220 1372 1289 οὕτως
1385 1226 1485 1303 ἀρχαῖοι
1499 1223 1544 1281 καὶ
1557 1221 1661 1283 παλαιά
1681 1225 1798 1283 διατελεῖ
1815 1247 1908 1303 νινομι·

1138 1309 1222 1388 σμίνα
1235 1311 1299 1390 παρ’
1313 1315 1393 1389 ἡμῖν,
1408 1312 1477 1370 ὥστε
1496 1311 1527 1369 τδ
1538 1309 1667 1391 παράπαν
1679 1311 1763 1379 οὐδεὶς
1774 1302 1844 1371 οἶδεν
1858 1314 1910 1371 οὗτε

1137 1405 1182 1459 τοῦ
1196 1398 1292 1479 χρόνου
1305 1400 1354 1474 τὴν
1363 1401 1460 1481 ἀρχὴν,
1476 1399 1536 1459 οὔτε
1554 1398 1598 1458 τὸν
1613 1398 1692 1459 θέντα
1711 1402 1836 1480 πρῶτον,
1851 1403 1912 1460 α’λλά

1139 1486 1182 1545 τὸν
1202 1488 1308 1568 ἄπειρον
1333 1489 1416 1547 αἰῶνα
1439 1486 1598 1567 τυγχάνουσι
1622 1485 1667 1546 dul
1679 1486 1770 1556 τελσνς
1793 1485 1862 1545 οὗτοι
1877 1513 1911 1547 νε·
1976 1514 1977 1533 ι

1138 1575 1295 1654 νομισμίνα·
1309 1576 1373 1657 πρὸς
1398 1576 1425 1635 δὲ
1448 1574 1481 1648 δὴ
1502 1575 1602 1641 τούτοις
1616 1574 1661 1633 διά
1678 1576 1810 1652 στόματος
1824 1577 1851 1635 ir
1864 1578 1913 1642 τοῖς

1137 1662 1291 1743 ἀνθρώποις,
1300 1664 1629 1744 δρᾷςὼςίκπολλῶνίτῶν
1638 1662 1694 1742 [ἐκ]
1701 1665 1911 1745 παλαιοῦχρόνον

1139 1752 1308 1833 περιρίρεται
1321 1751 1506 1832 θρυλούμενον.
1520 1784 1560 1798 -
1574 1751 1612 1813 Τί
1625 1756 1712 1824 τοῦτ’;
1727 1751 1788 1834 ίρη.
1803 1787 1844 1800 -
1861 1759 1913 1816 Ki-

1136 1847 1220 1908 κεῖνος
1246 1839 1396 1900 instetiss-
1414 1842 1450 1908 ὡς
1476 1838 1530 1921 ἄρα
1554 1840 1591 1915 μὴ
1616 1839 1734 1918 γίνεσθαι
1758 1843 1825 1919 μίν,
1851 1841 1910 1923 ἔφη,

1138 1926 1243 2009 ἄριστον
1257 1928 1376 2002 πάντων,
1388 1928 1418 1987 τὸ
1429 1927 1457 1988 δὲ
1469 1930 1588 1988 τεθνάναι
1599 1935 1646 1989 τοῦ
1659 1932 1705 2001 ζῆν
1717 1930 1774 1989 ἐστὶ
1784 1932 1908 2010 κρεῖττον.

1142 2018 1195 2078 Καὶ
1209 2019 1315 2085 πολλοῖς
1338 2017 1406 2078 οθτω
1419 2017 1493 2098 παρά
1507 2022 1561 2076 τοῦ
1587 2017 1721 2095 δαιμονίου
1744 2020 1912 2100 μεμαρτύρη·

1139 2128 1191 2164 ται·
1202 2110 1277 2164 τοῦτο
1291 2104 1338 2181 μὲν
1349 2105 1486 2187 ἐκείνῳτῷ
1495 2105 1568 2185 Μίδα
1576 2104 1679 2182 λέγουσι
1694 2107 1779 2180 δήπου
1794 2108 1863 2185 μετὰ
1870 2106 1914 2178 τἠν

1137 2191 1231 2271 θήραν,
1246 2195 1282 2259 ὡς
1294 2191 1375 2252 ἔλαόε
1385 2193 1429 2251 τὸν
1442 2194 1577 2266 Σειληνὸν,
1593 2194 1750 2273 διερωτῶντι
1760 2194 1809 2254 καί
1821 2202 1914 2255 πυνθα-

1138 2279 1255 2360 νομένῳ,
1272 2279 1298 2337 τί
1310 2280 1376 2339 πστί
1387 2283 1444 2339 ἐστι
1453 2279 1484 2339 τδ
1497 2281 1600 2360 βίλτισν
1613 2290 1667 2350 τοῖς
1680 2282 1828 2361 ἀνθρώποις
1837 2284 1881 2344 καὶ
1891 2285 1914 2341 τί

1138 2364 1167 2424 τὸ
1180 2366 1287 2425 πάντων
1304 2365 1495 2448 αἱρετώτατον,
1508 2367 1539 2427 τὸ
1552 2368 1601 2445 μὲν
1612 2373 1716 2448 πρῶτον
1732 2370 1807 2431 οὐδὲν
1822 2372 1914 2431 tesius

1138 2454 1235 2526 εἰπεῖν,
1258 2453 1328 2514 titi
1341 2464 1444 2514 σιωπᾶν
1463 2455 1591 2535 ἀρρήτως·
1606 2457 1695 2529 teneti
1715 2459 1824 2518 δίποτε
1845 2460 1914 2535 potu

1137 2549 1225 2601 πᾶσαν
1232 2542 1355 2623 μηχανὴν
1363 2544 1556 2623 μηχανώμενος
1564 2547 1747 2626 προσηγάγετο
1757 2546 1914 2629 ρθίγξασθαί

1138 2654 1163 2690 τι
1177 2631 1422 2710 πρθςαῦτδν,οίτως
1431 2634 1642 2711 ἀναγκαζόμενον
1657 2637 1748 2695 εἰπεῖν·
1759 2663 1771 2687 ν
1786 2636 1912 2713 Δαίμονος

1139 2720 1264 2780 ἐπιπόνου
1279 2718 1324 2779 καί
1338 2718 1420 2799 τύχης
1432 2721 1553 2800 χαλεπῆς
1569 2721 1699 2803 ἐφήμερον
1712 2722 1832 2801 σπέρμα,
1845 2723 1872 2781 τί
1882 2745 1913 2798 με

1141 2808 1259 2885 βιάζεσθε
1274 2807 1360 2886 λίγειν
1371 2806 1459 2885 άὺμῖν
1473 2808 1559 2888 ἄρειον
1569 2809 1607 2885 μὴ
1619 2812 1733 2897 γνῶναι,
1744 2811 1804 2885 μετ’
1812 2810 1914 2887 ἀγνοίας
1976 2848 1977 2867 ι

1138 2893 1189 2975 γὰρ
1198 2897 1251 2954 τῶν
1266 2895 1368 2955 οἰκείων
1381 2900 1470 2957 κακῶν
1488 2897 1651 2964 ἀλυπότατος
1664 2900 1678 2957 δ
1694 2898 1758 2978 βίος·
1769 2895 1912 2979 ἀνθρώποις

1139 2983 1167 3042 δὲ
1181 2983 1294 3060 πάμπαν
1310 2987 1358 3045 οὒκ
1369 2985 1424 3044 ἔστι
1438 2984 1558 3062 γενέσθαι
1572 2985 1602 3045 τδ
1614 2985 1721 3046 πάντων
1736 2989 1845 3066 ἄριστον
1857 2985 1911 3045 οὐδὲ

1138 3070 1279 3149 μετασχεῖν
1288 3074 1335 3142 τῆς
1343 3075 1388 3129 τοῦ
1398 3070 1534 3149 βελτίστου
1544 3071 1654 3150 ρόσεως·
1664 3074 1771 3152 ἄριστον
1785 3073 1839 3152 ἄρα
1850 3081 1913 3133 πᾶσι

1138 3156 1183 3214 καί
1197 3155 1292 3223 πάσαις
1305 3157 1335 3215 τδ
1349 3156 1387 3234 μή
1401 3156 1530 3237 γινίσθαι·
1544 3157 1574 3216 τὸ
1590 3158 1680 3236 μίντοι
1701 3160 1770 3237 μετά
1781 3166 1859 3220 τοῦτο
1871 3158 1929 3232 καὶΙ

1137 3247 1168 3307 τὸ
1180 3251 1285 3329 πρῶτον
1304 3251 1356 3307 τῶν
1373 3248 1460 3308 ἄλλων
1475 3248 1603 3322 ἀνυστόν,
1620 3248 1738 3330 δειίτιρον
1759 3250 1788 3311 δὲ
1800 3251 1830 3311 τὸ
1844 3274 1912 3330 γενσ·
1976 3279 1977 3294 ι

1138 3335 1230 3413 μίνσυς
1248 3337 1386 3397 ἀποθανεῖν
1400 3340 1435 3403 ὣς
1448 3334 1574 3415 τάχιστα.
1591 3364 1603 3388 ο
1620 3339 1707 3410 Δῆλον
1722 3332 1768 3400 edu
1782 3343 1818 3405 ὡς
1836 3339 1912 3411 οὔσης

1137 3423 1281 3503 κρείττονος
1292 3428 1339 3497 τη’“ς
1360 3425 1387 3482 ἐν
1406 3427 1445 3504 τῷ
1458 3424 1579 3483 τεθνάναι
1591 3425 1751 3504 διαγωγῆςῆ
1771 3433 1820 3500 τῆς
1838 3430 1912 3506 ἐντῷ

1137 3514 1183 3582 ζῆν
1199 3508 1281 3579 οὕτως
1295 3510 1460 3591 ἀπεφήνατο.
1476 3537 1490 3564 ε

1177 3599 1262 3658 Varie
1285 3599 1342 3658 hoc
1358 3600 1551 3676 fragmentum
1572 3615 1639 3680 pest
1658 3602 1910 3680 wyttenbachium

1136 3706 1153 3744 a
1175 3689 1247 3745 viris
1268 3688 1362 3747 doctis
1386 3701 1525 3747 tentatum
1547 3702 1609 3762 est,
1626 3691 1786 3768 praesertim
1808 3713 1826 3750 a
1846 3692 1912 3750 Ber-

1138 3776 1251 3855 naysio,
1265 3779 1366 3836 Risein.
1391 3782 1477 3851 Mus,
1493 3789 1515 3836 t.
1530 3775 1605 3850 xit,
1620 3798 1649 3856 p.
1666 3779 1725 3837 236
1741 3798 1808 3856 sqq.
1822 3794 1853 3838 et
1864 3800 1913 3837 nu·

1134 3968 1225 4022 iniiuitt
1250 3969 1383 4021 eternitate
1406 3970 1555 4021 conduentes
1572 3974 1610 4021 est
1632 3973 1770 4034 propagata.
1792 3973 1829 4022 nd
1864 3972 1916 4022 lieet

1134 4058 1204 4109 rides
1221 4058 1247 4108 in
1262 4071 1305 4108 ose
1320 4057 1458 4109 hominibus
1477 4070 1532 4108 esse
1549 4058 1599 4120 jum
1620 4058 1676 4108 inde
1688 4072 1718 4108 ex
1736 4059 1844 4124 iniquis
1857 4064 1916 4110 teus-

1133 4145 1231 4208 peribus
1240 4146 1323 4196 tritum
1343 4143 1401 4195 illud
1415 4146 1440 4196 et
1451 4145 1609 4196 circumferri.
1629 4172 1662 4183 -
1679 4146 1826 4204 Quoeuun?
1837 4148 1916 4211 iuquit

1132 4233 1178 4284 ille.
1190 4261 1222 4271 -
1235 4233 1322 4295 Quod,
1339 4232 1417 4297 inquit
1435 4229 1488 4296 ille,
1507 4233 1629 4296 excipiens
1638 4248 1785 4298 sermonem,
1805 4235 1917 4286 omniurn

1134 4325 1251 4388 optimum
1269 4326 1307 4373 ost
1327 4335 1375 4373 uon
1395 4320 1461 4374 nasci
1480 4344 1487 4373 ι
1505 4326 1603 4387 prostat
1620 4326 1700 4375 autern
1720 4327 1847 4376 mortuum
1861 4339 1918 4377 esse

1134 4426 1207 4475 quum
1219 4412 1301 4461 visere
1317 4429 1323 4461 ι
1337 4410 1438 4475 ejusque
1451 4411 1485 4462 rei
1502 4411 1585 4462 multis
1596 4416 1654 4463 sunt
1664 4411 1781 4461 divinitus
1793 4413 1916 4477 pemmo

1130 4499 1273 4549 testimonie.
1285 4501 1363 4562 Atque
1374 4498 1422 4548 true
1433 4499 1549 4563 pertinet,
1565 4500 1629 4564 quod
1646 4502 1766 4562 uersatur,
1774 4499 1912 4552 sileuutus

1130 4588 1194 4638 Mida
1208 4589 1254 4638 isto
1271 4589 1381 4651 euplum,
1391 4591 1416 4639 et
1427 4592 1482 4652 post
1491 4588 1640 4639 renationem
1654 4587 1676 4638 el
1687 4587 1827 4653 soiseitauti,
1837 4588 1914 4655 quid·

1131 4689 1186 4725 uam
1199 4675 1317 4738 optimum
1328 4675 1418 4726 homini
1426 4677 1578 4740 maximeque
1590 4674 1751 4740 expetendum
1763 4679 1839 4740 esset,
1849 4678 1916 4742 psin-

1131 4762 1192 4827 eipio
1204 4764 1351 4827 respondere
1362 4764 1482 4827 noluisse,
1491 4765 1614 4827 utumque
1623 4762 1745 4814 olentium
1756 4762 1914 4815 observasse.

1131 4850 1238 4901 Tandem
1260 4865 1318 4902 sero
1333 4867 1409 4916 quum
1428 4851 1493 4901 omui
1509 4851 1609 4901 artificio
1629 4850 1747 4909 adhibito,
1768 4850 1916 4903 reduxisset

1130 4936 1198 4989 ilium
1211 4943 1240 4990 ut
1251 4940 1340 5002 atiqutu
1353 4938 1517 5004 responderet,
1529 4940 1563 4989 ite
1582 4941 1693 4989 ooootum
1711 4938 1825 4991 dixisse:
1838 4943 1915 4992 AEru·

1129 5027 1208 5077 muooi
1221 5027 1283 5092 georii
1297 5031 1322 5079 et
1339 5027 1419 5092 georio
1433 5027 1549 5090 iortuuae,
1571 5027 1596 5077 iu
1616 5026 1680 5077 diem
1696 5026 1788 5077 durrus
1810 5041 1914 5087 nmen,

1129 5130 1246 5181 quorsum
1259 5132 1299 5168 me
1317 5118 1401 5183 oop'tis
1418 5131 1447 5169 eu
1467 5116 1561 5179 dicere,
1580 5128 1635 5180 quo
1657 5115 1726 5166 vobit
1746 5117 1842 5167 moire
1861 5119 1915 5167 erut

297 5200 379 5248 uestra
393 5197 508 5249 mamutio
520 5197 553 5248 ite
571 5199 665 5249 vetusto
684 5203 722 5251 eut
734 5203 758 5250 et
771 5199 883 5263 anuum,
897 5202 925 5251 ut
937 5203 961 5251 et
977 5202 1073 5265 ternpus
1126 5202 1232 5255 metius?
1247 5204 1351 5254 maximo
1370 5203 1434 5253 enisu
1456 5205 1569 5255 τοεοαίοσ
1587 5203 1670 5254 dolore
1688 5205 1787 5266 vivunt,
1806 5204 1851 5269 qui
1868 5215 1914 5254 sua

298 5298 346 5348 quo
365 5286 464 5350 coeperit
480 5285 571 5370 eteius
594 5290 677 5337 auctor
700 5301 797 5352 prorsus
813 5288 964 5353 iproreutur,
982 5288 1025 5341 sed
1041 5289 1072 5340 ab
1126 5289 1236 5354 emerant
1252 5291 1324 5342 mula.
1342 5291 1485 5343 Hominibus
1507 5294 1589 5343 eutem
1613 5291 1711 5342 omniuo
1728 5290 1852 5356 optinum
1875 5294 1914 5343 est
